{
"productos":
[
[
{"query": "Zumo con leche", "nombre": "Zumo de frutas y leche Carrefour sabor tropical pack de 3 briks de 33 cl.", "imagen_src": "https://static.carrefour.es/hd_350x_/img_pim_food/902172_00_1.jpg", "precio_peso": "0,96 \u20ac/l", "precio": "0,95 \u20ac", "oferta": "", "supermercado": "Carrefour"},
{"query": "Zumo con leche", "nombre": "Zumo de frutas y leche Carrefour sabor mediterraneo pack de 6 briks de 20 cl.", "imagen_src": "https://static.carrefour.es/hd_350x_/img_pim_food/902206_00_1.jpg", "precio_peso": "0,83 \u20ac/l", "precio": "0,99 \u20ac", "oferta": "", "supermercado": "Carrefour"},
{"query": "Zumo con leche", "nombre": "Zumo de fruta y leche Carrefour Tropical pack de 6 briks de 20 cl.", "imagen_src": "https://static.carrefour.es/hd_350x_/img_pim_food/902174_00_1.jpg", "precio_peso": "0,83 \u20ac/l", "precio": "0,99 \u20ac", "oferta": "", "supermercado": "Carrefour"},
{"query": "Zumo con leche", "nombre": "Zumo de frutas y leche Carrefour sabor tropical brik 1 l.", "imagen_src": "https://static.carrefour.es/hd_350x_/img_pim_food/902169_00_1.jpg", "precio_peso": "0,90 \u20ac/l", "precio": "0,90 \u20ac", "oferta": "", "supermercado": "Carrefour"},
{"query": "Zumo con leche", "nombre": "", "imagen_src": "https://static.carrefour.es/hd_350x_/img_pim_food/902171_00_1.jpg", "precio_peso": "", "precio": "0,90 \u20ac", "oferta": "", "supermercado": "Carrefour"},
{"query": "Zumo con leche", "nombre": "", "imagen_src": "https://static.carrefour.es/hd_350x_/img_pim_food/798191_00_1.jpg", "precio_peso": "", "precio": "1,50 \u20ac", "oferta": "", "supermercado": "Carrefour"},
],
[
{"query": "Mostaza", "nombre": "Mostaza de Dijon Maille 215 g.", "imagen_src": "https://static.carrefour.es/hd_350x_/img_pim_food/002263_00_1.jpg", "precio_peso": "14,19 \u20ac/kg", "precio": "3,05 \u20ac", "oferta": "", "supermercado": "Carrefour"},
{"query": "Mostaza", "nombre": "Mostaza Orlando sin gluten envase 290 g.", "imagen_src": "https://static.carrefour.es/hd_350x_/img_pim_food/002259_00_1.jpg", "precio_peso": "3,41 \u20ac/kg", "precio": "0,99 \u20ac", "oferta": "", "supermercado": "Carrefour"},
{"query": "Mostaza", "nombre": "Mostaza original Prima sin gluten envase 330 g.", "imagen_src": "https://static.carrefour.es/hd_350x_/img_pim_food/711556_00_1.jpg", "precio_peso": "4,88 \u20ac/kg", "precio": "1,61 \u20ac", "oferta": "", "supermercado": "Carrefour"},
{"query": "Mostaza", "nombre": "Mostaza Heinz envase 220 ml.", "imagen_src": "https://static.carrefour.es/hd_350x_/img_pim_food/890418_00_1.jpg", "precio_peso": "7,63 \u20ac/l", "precio": "1,83 \u20ac", "oferta": "", "supermercado": "Carrefour"},
{"query": "Mostaza", "nombre": "", "imagen_src": "https://static.carrefour.es/hd_350x_/img_pim_food/002264_00_1.jpg", "precio_peso": "", "precio": "3,05 \u20ac", "oferta": "", "supermercado": "Carrefour"},
{"query": "Mostaza", "nombre": "", "imagen_src": "https://static.carrefour.es/hd_350x_/img_pim_food/819281_00_1.jpg", "precio_peso": "", "precio": "1,94 \u20ac", "oferta": "", "supermercado": "Carrefour"},
],
[
{"query": "Pan hamburguesa", "nombre": "Pan de hamburguesa maxi Carrefour 4 ud.", "imagen_src": "https://static.carrefour.es/hd_350x_/img_pim_food/447078_00_1.jpg", "precio_peso": "3,17 \u20ac/kg", "precio": "0,95 \u20ac", "oferta": "", "supermercado": "Carrefour"},
{"query": "Pan hamburguesa", "nombre": "Pan de Hamburguesa Carrefour 4 ud 300 g", "imagen_src": "https://static.carrefour.es/hd_350x_/img_pim_food/289641_00_1.jpg", "precio_peso": "5,97 \u20ac/kg", "precio": "1,79 \u20ac", "oferta": "", "supermercado": "Carrefour"},
{"query": "Pan hamburguesa", "nombre": "Pan hamburguesa Maxi Burguer Bimbo 4 ud.", "imagen_src": "https://static.carrefour.es/hd_350x_/img_pim_food/018584_00_1.jpg", "precio_peso": "6,83 \u20ac/kg", "precio": "2,05 \u20ac", "oferta": "", "supermercado": "Carrefour"},
{"query": "Pan hamburguesa", "nombre": "Pan de hamburguesa rustica XXL 4 ud", "imagen_src": "https://static.carrefour.es/hd_350x_/img_pim_food/067400_00_1.jpg", "precio_peso": "4,47 \u20ac/kg", "precio": "1,79 \u20ac", "oferta": "", "supermercado": "Carrefour"},
{"query": "Pan hamburguesa", "nombre": "", "imagen_src": "https://static.carrefour.es/hd_350x_/img_pim_food/024197_00_1.jpg", "precio_peso": "", "precio": "", "oferta": "", "supermercado": "Carrefour"},
{"query": "Pan hamburguesa", "nombre": "", "imagen_src": "https://static.carrefour.es/hd_350x_/img_pim_food/927327_00_1.jpg", "precio_peso": "", "precio": "", "oferta": "", "supermercado": "Carrefour"},
],
[
{"query": "Ketchup", "nombre": "Ketchup Carrefour envase 560 g.", "imagen_src": "https://static.carrefour.es/hd_350x_/img_pim_food/438870_00_1.jpg", "precio_peso": "1,46 \u20ac/kg", "precio": "0,82 \u20ac", "oferta": "", "supermercado": "Carrefour"},
{"query": "Ketchup", "nombre": "Ketchup Classic Carrefour envase 1 kg.", "imagen_src": "https://static.carrefour.es/hd_350x_/img_pim_food/833020_00_1.jpg", "precio_peso": "1,61 \u20ac/kg", "precio": "1,61 \u20ac", "oferta": "", "supermercado": "Carrefour"},
{"query": "Ketchup", "nombre": "Ketchup cero Prima sin gluten envase 570 g.", "imagen_src": "https://static.carrefour.es/hd_350x_/img_pim_food/389753_00_1.jpg", "precio_peso": "4,89 \u20ac/kg", "precio": "2,79 \u20ac", "oferta": "", "supermercado": "Carrefour"},
{"query": "Ketchup", "nombre": "Ketchup Heinz envase 700 g.", "imagen_src": "https://static.carrefour.es/hd_350x_/img_pim_food/680150_00_1.jpg", "precio_peso": "5,01 \u20ac/kg", "precio": "3,51 \u20ac", "oferta": "", "supermercado": "Carrefour"},
{"query": "Ketchup", "nombre": "", "imagen_src": "https://static.carrefour.es/hd_350x_/img_pim_food/438868_00_1.jpg", "precio_peso": "", "precio": "0,99 \u20ac", "oferta": "", "supermercado": "Carrefour"},
{"query": "Ketchup", "nombre": "", "imagen_src": "https://static.carrefour.es/hd_350x_/img_pim_food/398821_00_1.jpg", "precio_peso": "", "precio": "1,73 \u20ac", "oferta": "", "supermercado": "Carrefour"},
],
[
{"query": "Salsa cesar", "nombre": "Salsa cesar Carrefour envase 300 g.", "imagen_src": "https://static.carrefour.es/hd_350x_/img_pim_food/247396_00_1.jpg", "precio_peso": "4,03 \u20ac/kg", "precio": "1,21 \u20ac", "oferta": "", "supermercado": "Carrefour"},
{"query": "Salsa cesar", "nombre": "Weider Salsa Zero Cesar 265 Ml - Salsa 0% Grasas Cero Azucar 100% Sabor", "imagen_src": "https://static.carrefour.es/hd_350x_/imagenes/products/84141/92312/322/8414192312322/imagenGrande1.jpg", "precio_peso": "", "precio": "5,91 \u20ac", "oferta": "", "supermercado": "Carrefour"},
],
[
{"query": "Queso parmesano", "nombre": "Queso parmesano Parmareggio 200 g.", "imagen_src": "https://static.carrefour.es/hd_350x_/img_pim_food/688407_00_1.jpg", "precio_peso": "32,75 \u20ac/kg", "precio": "6,55 \u20ac", "oferta": "", "supermercado": "Carrefour"},
{"query": "Queso parmesano", "nombre": "Queso parmesano reggiano ecologico Carrefour Bio cuna de 150 g", "imagen_src": "https://static.carrefour.es/hd_350x_/img_pim_food/688432_00_1.jpg", "precio_peso": "39,93 \u20ac/kg", "precio": "5,99 \u20ac", "oferta": "", "supermercado": "Carrefour"},
{"query": "Queso parmesano", "nombre": "Queso parmesano reggiano en petalos D.O.P. Parmareggio 80 g", "imagen_src": "https://static.carrefour.es/hd_350x_/img_pim_food/632875_00_1.jpg", "precio_peso": "40 \u20ac/kg", "precio": "3,20 \u20ac", "oferta": "", "supermercado": "Carrefour"},
{"query": "Queso parmesano", "nombre": "Queso rallado parmigiano Galbani 60 g.", "imagen_src": "https://static.carrefour.es/hd_350x_/img_pim_food/460435_00_1.jpg", "precio_peso": "42,50 \u20ac/kg", "precio": "2,55 \u20ac", "oferta": "", "supermercado": "Carrefour"},
{"query": "Queso parmesano", "nombre": "", "imagen_src": "https://static.carrefour.es/hd_350x_/img_pim_food/678016_00_1.jpg", "precio_peso": "", "precio": "", "oferta": "", "supermercado": "Carrefour"},
{"query": "Queso parmesano", "nombre": "", "imagen_src": "https://static.carrefour.es/hd_350x_/img_pim_food/665740_00_1.jpg", "precio_peso": "", "precio": "", "oferta": "", "supermercado": "Carrefour"},
],
[
{"query": "Boquer\u00f3n", "nombre": "Boquerones 1 kg aprox", "imagen_src": "https://static.carrefour.es/hd_350x_/img_pim_food/150842_00_1.jpg", "precio_peso": "4,95 \u20ac/kg", "precio": "4,95 \u20ac", "oferta": "", "supermercado": "Carrefour"},
{"query": "Boquer\u00f3n", "nombre": "Boquerones Carrefour sin gluten 80 g.", "imagen_src": "https://static.carrefour.es/hd_350x_/img_pim_food/497214_00_1.jpg", "precio_peso": "24,37 \u20ac/kg", "precio": "1,95 \u20ac", "oferta": "", "supermercado": "Carrefour"},
{"query": "Boquer\u00f3n", "nombre": "Boqueron limpio Carrefour 500 g.", "imagen_src": "https://static.carrefour.es/hd_350x_/img_pim_food/555369_00_1.jpg", "precio_peso": "8,18 \u20ac/kg", "precio": "4,09 \u20ac", "oferta": "", "supermercado": "Carrefour"},
{"query": "Boquer\u00f3n", "nombre": "Boquerones Carrefour sin gluten 350 g.", "imagen_src": "https://static.carrefour.es/hd_350x_/img_pim_food/497219_00_1.jpg", "precio_peso": "18,57 \u20ac/kg", "precio": "6,50 \u20ac", "oferta": "", "supermercado": "Carrefour"},
{"query": "Boquer\u00f3n", "nombre": "", "imagen_src": "https://static.carrefour.es/hd_350x_/img_pim_food/568216_00_1.jpg", "precio_peso": "", "precio": "1,79 \u20ac", "oferta": "", "supermercado": "Carrefour"},
{"query": "Boquer\u00f3n", "nombre": "", "imagen_src": "https://static.carrefour.es/hd_350x_/img_pim_food/555132_00_1.jpg", "precio_peso": "", "precio": "5,95 \u20ac", "oferta": "", "supermercado": "Carrefour"},
],
[
{"query": "Foie de pato", "nombre": "Foie gras de pato fresco en medallones Carrefour Seleccion 100 g", "imagen_src": "https://static.carrefour.es/hd_350x_/img_pim_food/243340_00_1.jpg", "precio_peso": "53 \u20ac/kg", "precio": "5,30 \u20ac", "oferta": "", "supermercado": "Carrefour"},
{"query": "Foie de pato", "nombre": "Foie gras de pato Mi-cuit Capdevila pack de 2 unidades de 40 g", "imagen_src": "https://static.carrefour.es/hd_350x_/img_pim_food/884740_00_1.jpg", "precio_peso": "70,62 \u20ac/kg", "precio": "5,65 \u20ac", "oferta": "", "supermercado": "Carrefour"},
{"query": "Foie de pato", "nombre": "Foie gras de pato Martiko sin gluten pack de 2 unidades de 40 g.", "imagen_src": "https://static.carrefour.es/hd_350x_/img_pim_food/710297_00_1.jpg", "precio_peso": "59,37 \u20ac/kg", "precio": "4,75 \u20ac", "oferta": "", "supermercado": "Carrefour"},
{"query": "Foie de pato", "nombre": "Foie gras de pato entero mi-cuit Carrefour Seleccion sin gluten sin lactosa 125 g.", "imagen_src": "https://static.carrefour.es/hd_350x_/img_pim_food/710371_00_1.jpg", "precio_peso": "111,20 \u20ac/kg", "precio": "13,90 \u20ac", "oferta": "", "supermercado": "Carrefour"},
{"query": "Foie de pato", "nombre": "", "imagen_src": "https://static.carrefour.es/hd_350x_/img_pim_food/558173_00_1.jpg", "precio_peso": "", "precio": "", "oferta": "", "supermercado": "Carrefour"},
{"query": "Foie de pato", "nombre": "", "imagen_src": "https://static.carrefour.es/hd_350x_/img_pim_food/710548_00_1.jpg", "precio_peso": "", "precio": "", "oferta": "", "supermercado": "Carrefour"},
],
[
],
[
{"query": "Mermelada de melocot\u00f3n", "nombre": "Mermelada de melocoton categoria extra Carrefour 410 g.", "imagen_src": "https://static.carrefour.es/hd_350x_/img_pim_food/228275_00_1.jpg", "precio_peso": "2,83 \u20ac/kg", "precio": "1,16 \u20ac", "oferta": "", "supermercado": "Carrefour"},
{"query": "Mermelada de melocot\u00f3n", "nombre": "Mermelada de melocoton Hero 350 g.", "imagen_src": "https://static.carrefour.es/hd_350x_/img_pim_food/802405_00_1.jpg", "precio_peso": "6,29 \u20ac/kg", "precio": "2,20 \u20ac", "oferta": "", "supermercado": "Carrefour"},
{"query": "Mermelada de melocot\u00f3n", "nombre": "Mermelada de melocoton cero azucar refinado La Vieja Fabrica sin gluten 280 g.", "imagen_src": "https://static.carrefour.es/hd_350x_/img_pim_food/213684_00_1.jpg", "precio_peso": "10,18 \u20ac/kg", "precio": "2,85 \u20ac", "oferta": "", "supermercado": "Carrefour"},
{"query": "Mermelada de melocot\u00f3n", "nombre": "Mermelada de melocoton La Vieja Fabrica 350 g.", "imagen_src": "https://static.carrefour.es/hd_350x_/img_pim_food/032485_00_1.jpg", "precio_peso": "6,83 \u20ac/kg", "precio": "2,39 \u20ac", "oferta": "", "supermercado": "Carrefour"},
{"query": "Mermelada de melocot\u00f3n", "nombre": "", "imagen_src": "https://static.carrefour.es/hd_350x_/img_pim_food/424479_00_1.jpg", "precio_peso": "", "precio": "", "oferta": "", "supermercado": "Carrefour"},
{"query": "Mermelada de melocot\u00f3n", "nombre": "", "imagen_src": "https://static.carrefour.es/hd_350x_/img_pim_food/766644_00_1.jpg", "precio_peso": "", "precio": "", "oferta": "", "supermercado": "Carrefour"},
],
[
{"query": "Fartons", "nombre": "Pack Rex80 Renovador Compacto + Cepillo De Nylon Abrasivo Fartools", "imagen_src": "https://static.carrefour.es/hd_350x_/imagenes/products/34315/46150/190/3431546150190/imagenGrande1.jpg", "precio_peso": "", "precio": "175,33 \u20ac", "oferta": "", "supermercado": "Carrefour"},
{"query": "Fartons", "nombre": "Pack Renovador + 2 Cepillos De Laton + 2 Cepillos De Alambre Fartools", "imagen_src": "https://static.carrefour.es/hd_350x_/imagenes/products/34315/46150/220/3431546150220/imagenGrande1.jpg", "precio_peso": "", "precio": "428,86 \u20ac", "oferta": "", "supermercado": "Carrefour"},
{"query": "Fartons", "nombre": "Pack Rdp601 Renovador De Precision + Cepillo De Precision Fartools", "imagen_src": "https://static.carrefour.es/hd_350x_/imagenes/products/34315/46150/237/3431546150237/imagenGrande1.jpg", "precio_peso": "", "precio": "133,08 \u20ac", "oferta": "", "supermercado": "Carrefour"},
{"query": "Fartons", "nombre": "Pack Rex120c Renovador Exterior + Cepillo De Precision Fartools", "imagen_src": "https://static.carrefour.es/hd_350x_/imagenes/products/34315/46152/293/3431546152293/imagenGrande1.jpg", "precio_peso": "", "precio": "209,51 \u20ac", "oferta": "", "supermercado": "Carrefour"},
{"query": "Fartons", "nombre": "Pack Rex120c Renovador Exterior + Cepillo Fibra Y Abrasivo Fartools", "imagen_src": "https://static.carrefour.es/hd_350x_/imagenes/products/34315/46152/309/3431546152309/imagenGrande1.jpg", "precio_peso": "", "precio": "197,11 \u20ac", "oferta": "", "supermercado": "Carrefour"},
{"query": "Fartons", "nombre": "Aspiradora De Liquidos Y Polvo Net-up20ib 1400w - 101027 Fartools", "imagen_src": "https://static.carrefour.es/hd_350x_/imagenes/products/34315/41010/277/3431541010277/imagenGrande1.jpg", "precio_peso": "", "precio": "139,07 \u20ac", "oferta": "", "supermercado": "Carrefour"},
],
[
{"query": "Ajo", "nombre": "Ajo Circulo de Calidad 250 g", "imagen_src": "https://static.carrefour.es/hd_350x_/img_pim_food/496386_00_1.jpg", "precio_peso": "5,80 \u20ac/kg", "precio": "1,45 \u20ac", "oferta": "", "supermercado": "Carrefour"},
{"query": "Ajo", "nombre": "Ajo sprint 500 g", "imagen_src": "https://static.carrefour.es/hd_350x_/img_pim_food/180656_00_1.jpg", "precio_peso": "4,70 \u20ac/kg", "precio": "2,35 \u20ac", "oferta": "", "supermercado": "Carrefour"},
{"query": "Ajo", "nombre": "Ajo granulado Carrefour 55 g.", "imagen_src": "https://static.carrefour.es/hd_350x_/img_pim_food/851265_00_1.jpg", "precio_peso": "9,64 \u20ac/kg", "precio": "0,53 \u20ac", "oferta": "", "supermercado": "Carrefour"},
{"query": "Ajo", "nombre": "Ajo blanco extra de Chinchon 500 g", "imagen_src": "https://static.carrefour.es/hd_350x_/img_pim_food/505485_00_1.jpg", "precio_peso": "4,98 \u20ac/kg", "precio": "2,49 \u20ac", "oferta": "", "supermercado": "Carrefour"},
{"query": "Ajo", "nombre": "", "imagen_src": "https://static.carrefour.es/hd_350x_/img_pim_food/262545_00_1.jpg", "precio_peso": "", "precio": "", "oferta": "", "supermercado": "Carrefour"},
{"query": "Ajo", "nombre": "", "imagen_src": "https://static.carrefour.es/hd_350x_/img_pim_food/176737_00_1.jpg", "precio_peso": "", "precio": "", "oferta": "", "supermercado": "Carrefour"},
],
[
{"query": "Muesli", "nombre": "Cereales crujientes con chocolate Muesli Carrefour 750 g.", "imagen_src": "https://static.carrefour.es/hd_350x_/img_pim_food/153298_00_1.jpg", "precio_peso": "3,40 \u20ac/kg", "precio": "2,55 \u20ac", "oferta": "", "supermercado": "Carrefour"},
{"query": "Muesli", "nombre": "Muesli ecologico sin azucar anadido Carrefour Bio 375 g.", "imagen_src": "https://static.carrefour.es/hd_350x_/img_pim_food/463324_00_1.jpg", "precio_peso": "5,31 \u20ac/kg", "precio": "1,99 \u20ac", "oferta": "", "supermercado": "Carrefour"},
{"query": "Muesli", "nombre": "Muesli 6 frutas ecologico Carrefour Bio 375 g.", "imagen_src": "https://static.carrefour.es/hd_350x_/img_pim_food/718816_00_1.jpg", "precio_peso": "6,37 \u20ac/kg", "precio": "2,39 \u20ac", "oferta": "", "supermercado": "Carrefour"},
{"query": "Muesli", "nombre": "Cereales con frutas desecadas Muesli Carrefour 750 g.", "imagen_src": "https://static.carrefour.es/hd_350x_/img_pim_food/627173_00_1.jpg", "precio_peso": "3,64 \u20ac/kg", "precio": "2,73 \u20ac", "oferta": "", "supermercado": "Carrefour"},
{"query": "Muesli", "nombre": "", "imagen_src": "https://static.carrefour.es/hd_350x_/img_pim_food/718840_00_1.jpg", "precio_peso": "", "precio": "", "oferta": "", "supermercado": "Carrefour"},
{"query": "Muesli", "nombre": "", "imagen_src": "https://static.carrefour.es/hd_350x_/img_pim_food/739331_00_1.jpg", "precio_peso": "", "precio": "", "oferta": "", "supermercado": "Carrefour"},
],
[
{"query": "Aguacate", "nombre": "Aguacate hass Carrefour a granel 1 kg", "imagen_src": "https://static.carrefour.es/hd_350x_/img_pim_food/471013_00_1.jpg", "precio_peso": "2,99 \u20ac/kg", "precio": "2,99 \u20ac", "oferta": "", "supermercado": "Carrefour"},
{"query": "Aguacate", "nombre": "Aguacate selecta 500 g", "imagen_src": "https://static.carrefour.es/hd_350x_/img_pim_food/074342_00_1.jpg", "precio_peso": "7,25 \u20ac/kg", "precio": "3,99 \u20ac", "oferta": "", "supermercado": "Carrefour"},
{"query": "Aguacate", "nombre": "Aguacate en dados Carrefour 450 g.", "imagen_src": "https://static.carrefour.es/hd_350x_/img_pim_food/361262_00_1.jpg", "precio_peso": "9,67 \u20ac/kg", "precio": "4,35 \u20ac", "oferta": "", "supermercado": "Carrefour"},
{"query": "Aguacate", "nombre": "Pulpa de aguacate Carrefour 125 g", "imagen_src": "https://static.carrefour.es/hd_350x_/img_pim_food/410820_00_1.jpg", "precio_peso": "13,20 \u20ac/kg", "precio": "1,65 \u20ac", "oferta": "", "supermercado": "Carrefour"},
{"query": "Aguacate", "nombre": "", "imagen_src": "https://static.carrefour.es/hd_350x_/img_pim_food/435726_00_1.jpg", "precio_peso": "", "precio": "2,19 \u20ac", "oferta": "", "supermercado": "Carrefour"},
{"query": "Aguacate", "nombre": "", "imagen_src": "https://static.carrefour.es/hd_350x_/img_pim_food/430552_00_1.jpg", "precio_peso": "", "precio": "2,59 \u20ac", "oferta": "", "supermercado": "Carrefour"},
],
[
{"query": "Pan centeno", "nombre": "Pan media hogaza de centeno 400 g", "imagen_src": "https://static.carrefour.es/hd_350x_/img_pim_food/516210_00_1.jpg", "precio_peso": "4,97 \u20ac/kg", "precio": "1,99 \u20ac", "oferta": "", "supermercado": "Carrefour"},
{"query": "Pan centeno", "nombre": "Pan de centeno 100% 500 g", "imagen_src": "https://static.carrefour.es/hd_350x_/img_pim_food/267533_00_1.jpg", "precio_peso": "5,78 \u20ac/kg", "precio": "2,89 \u20ac", "oferta": "", "supermercado": "Carrefour"},
{"query": "Pan centeno", "nombre": "Pan de molde de centeno y pipas de girasol Oroweat 590 g.", "imagen_src": "https://static.carrefour.es/hd_350x_/img_pim_food/388048_00_1.jpg", "precio_peso": "5 \u20ac/kg", "precio": "2,95 \u20ac", "oferta": "", "supermercado": "Carrefour"},
{"query": "Pan centeno", "nombre": "Chapatita de centeno 30% 75 g", "imagen_src": "https://static.carrefour.es/hd_350x_/img_pim_food/397697_00_1.jpg", "precio_peso": "3,47 \u20ac/kg", "precio": "0,26 \u20ac", "oferta": "", "supermercado": "Carrefour"},
{"query": "Pan centeno", "nombre": "", "imagen_src": "https://static.carrefour.es/hd_350x_/img_pim_food/991114_00_1.jpg", "precio_peso": "", "precio": "", "oferta": "", "supermercado": "Carrefour"},
{"query": "Pan centeno", "nombre": "", "imagen_src": "https://static.carrefour.es/hd_350x_/img_pim_food/064750_00_1.jpg", "precio_peso": "", "precio": "", "oferta": "", "supermercado": "Carrefour"},
],
[
{"query": "Palmeritas de hojaldre", "nombre": "Palmera de hojaldre 125 g compra", "imagen_src": "https://static.carrefour.es/hd_350x_/img_pim_food/264709_00_1.jpg", "precio_peso": "0,79 \u20ac/ud", "precio": "0,79 \u20ac", "oferta": "", "supermercado": "Carrefour"},
{"query": "Palmeritas de hojaldre", "nombre": "Palmeras de hojaldre al cacao Carrefour Classic' 12 ud.", "imagen_src": "https://static.carrefour.es/hd_350x_/img_pim_food/627097_00_1.jpg", "precio_peso": "9,97 \u20ac/kg", "precio": "2,99 \u20ac", "oferta": "", "supermercado": "Carrefour"},
{"query": "Palmeritas de hojaldre", "nombre": "Palmera de hojaldre con fibra sin azucares anadidos 250 g", "imagen_src": "https://static.carrefour.es/hd_350x_/img_pim_food/645775_00_1.jpg", "precio_peso": "13,96 \u20ac/kg", "precio": "3,49 \u20ac", "oferta": "", "supermercado": "Carrefour"},
{"query": "Palmeritas de hojaldre", "nombre": "Palmeras de hojaldre de chocolate Carrefour 4 ud", "imagen_src": "https://static.carrefour.es/hd_350x_/img_pim_food/176721_00_1.jpg", "precio_peso": "0,75 \u20ac/ud", "precio": "2,99 \u20ac", "oferta": "", "supermercado": "Carrefour"},
{"query": "Palmeritas de hojaldre", "nombre": "", "imagen_src": "https://static.carrefour.es/hd_350x_/img_pim_food/502949_00_1.jpg", "precio_peso": "11 \u20ac/kg", "precio": "2,75 \u20ac", "oferta": "", "supermercado": "Carrefour"},
{"query": "Palmeritas de hojaldre", "nombre": "", "imagen_src": "https://static.carrefour.es/hd_350x_/img_pim_food/939011_00_1.jpg", "precio_peso": "10,54 \u20ac/kg", "precio": "2,95 \u20ac", "oferta": "", "supermercado": "Carrefour"},
],
[
{"query": "Pimiento verde", "nombre": "Tomate y pimiento verde Classic Carrefour 400 g.", "imagen_src": "https://static.carrefour.es/hd_350x_/img_pim_food/806769_00_1.jpg", "precio_peso": "2,80 \u20ac/kg", "precio": "1,12 \u20ac", "oferta": "", "supermercado": "Carrefour"},
{"query": "Pimiento verde", "nombre": "Salsa pimienta verde Gallina Blanca sin aceite de palma sobre 50 g.", "imagen_src": "https://static.carrefour.es/hd_350x_/img_pim_food/002250_00_1.jpg", "precio_peso": "31,80 \u20ac/kg", "precio": "1,59 \u20ac", "oferta": "", "supermercado": "Carrefour"},
{"query": "Pimiento verde", "nombre": "Salsa deshidratada de pimienta verde Carrefour sobre 61 g.", "imagen_src": "https://static.carrefour.es/hd_350x_/img_pim_food/430317_00_1.jpg", "precio_peso": "19 \u20ac/kg", "precio": "1,14 \u20ac", "oferta": "", "supermercado": "Carrefour"},
{"query": "Pimiento verde", "nombre": "Descorazonador Cocina Pimientos Inox/plastico Blanco/verde Crisp", "imagen_src": "https://static.carrefour.es/hd_350x_/imagenes/products/00163/46750/165/0016346750165/imagenGrande1.jpg", "precio_peso": "", "precio": "8,18 \u20ac", "oferta": "", "supermercado": "Carrefour"},
{"query": "Pimiento verde", "nombre": "", "imagen_src": "https://static.carrefour.es/hd_350x_/imagenes/products/21000/00146/910/2100000146910/imagenGrande1.jpg", "precio_peso": "", "precio": "4,95 \u20ac", "oferta": "", "supermercado": "Carrefour"},
{"query": "Pimiento verde", "nombre": "", "imagen_src": "https://static.carrefour.es/hd_350x_/img_pim_food/488861_00_1.jpg", "precio_peso": "", "precio": "1,65 \u20ac", "oferta": "", "supermercado": "Carrefour"},
],
[
{"query": "Nata para cocinar", "nombre": "Nata liquida para cocinar Carrefour pack de 3 unidades de 200 ml.", "imagen_src": "https://static.carrefour.es/hd_350x_/img_pim_food/465812_00_1.jpg", "precio_peso": "2,65 \u20ac/l", "precio": "1,59 \u20ac", "oferta": "", "supermercado": "Carrefour"},
{"query": "Nata para cocinar", "nombre": "Nata para cocinar liquida ligera Carrefour 500 ml.", "imagen_src": "https://static.carrefour.es/hd_350x_/img_pim_food/325029_00_1.jpg", "precio_peso": "2,38 \u20ac/l", "precio": "1,19 \u20ac", "oferta": "", "supermercado": "Carrefour"},
{"query": "Nata para cocinar", "nombre": "Nata para cocinar Central Lechera Asturiana 500 ml.", "imagen_src": "https://static.carrefour.es/hd_350x_/img_pim_food/437397_00_1.jpg", "precio_peso": "4,78 \u20ac/l", "precio": "2,39 \u20ac", "oferta": "", "supermercado": "Carrefour"},
{"query": "Nata para cocinar", "nombre": "Nata para cocinar Central Lechera Asturiana 1 l.", "imagen_src": "https://static.carrefour.es/hd_350x_/img_pim_food/769549_00_1.jpg", "precio_peso": "4,19 \u20ac/l", "precio": "4,19 \u20ac", "oferta": "", "supermercado": "Carrefour"},
{"query": "Nata para cocinar", "nombre": "", "imagen_src": "https://static.carrefour.es/hd_350x_/img_pim_food/797682_00_1.jpg", "precio_peso": "", "precio": "", "oferta": "", "supermercado": "Carrefour"},
{"query": "Nata para cocinar", "nombre": "", "imagen_src": "https://static.carrefour.es/hd_350x_/img_pim_food/797679_00_1.jpg", "precio_peso": "", "precio": "", "oferta": "", "supermercado": "Carrefour"},
],
[
{"query": "Yogur azucarado", "nombre": "Yogur natural azucarado Carrefour Classic' pack de 8 unidades de 125 g.", "imagen_src": "https://static.carrefour.es/hd_350x_/img_pim_food/440996_00_1.jpg", "precio_peso": "1,25 \u20ac/kg", "precio": "1,25 \u20ac", "oferta": "", "supermercado": "Carrefour"},
{"query": "Yogur azucarado", "nombre": "Yogur griego natural azucarado Carrefour Extra pack de 6 unidades de 125 g.", "imagen_src": "https://static.carrefour.es/hd_350x_/img_pim_food/621853_00_1.jpg", "precio_peso": "1,67 \u20ac/kg", "precio": "1,25 \u20ac", "oferta": "", "supermercado": "Carrefour"},
{"query": "Yogur azucarado", "nombre": "Yogur griego azucarado natural Danone Oikos sin gluten pack de 4 unidades de 110 g.", "imagen_src": "https://static.carrefour.es/hd_350x_/img_pim_food/439291_00_1.jpg", "precio_peso": "4,98 \u20ac/kg", "precio": "2,19 \u20ac", "oferta": "", "supermercado": "Carrefour"},
{"query": "Yogur azucarado", "nombre": "Yogur azucarado natural Danone sin gluten pack de 8 unidades de 120 g.", "imagen_src": "https://static.carrefour.es/hd_350x_/img_pim_food/002904_00_1.jpg", "precio_peso": "2,33 \u20ac/kg", "precio": "2,24 \u20ac", "oferta": "", "supermercado": "Carrefour"},
{"query": "Yogur azucarado", "nombre": "", "imagen_src": "https://static.carrefour.es/hd_350x_/img_pim_food/437952_00_1.jpg", "precio_peso": "", "precio": "", "oferta": "", "supermercado": "Carrefour"},
{"query": "Yogur azucarado", "nombre": "", "imagen_src": "https://static.carrefour.es/hd_350x_/img_pim_food/904638_00_1.jpg", "precio_peso": "", "precio": "", "oferta": "", "supermercado": "Carrefour"},
],
[
{"query": "Yogur natural", "nombre": "Yogur natural Carrefour pack de 8 unidades de 125 g.", "imagen_src": "https://static.carrefour.es/hd_350x_/img_pim_food/441067_00_1.jpg", "precio_peso": "1,25 \u20ac/kg", "precio": "1,25 \u20ac", "oferta": "", "supermercado": "Carrefour"},
{"query": "Yogur natural", "nombre": "Yogur desnatado natural sin azucar anadido Carrefour Classic' pack de 4 unidades de 125 g.", "imagen_src": "https://static.carrefour.es/hd_350x_/img_pim_food/713836_00_1.jpg", "precio_peso": "1,18 \u20ac/kg", "precio": "0,59 \u20ac", "oferta": "", "supermercado": "Carrefour"},
{"query": "Yogur natural", "nombre": "Yogur natural Danone pack de 8 unidades de 120 g.", "imagen_src": "https://static.carrefour.es/hd_350x_/img_pim_food/002903_00_1.jpg", "precio_peso": "2,33 \u20ac/kg", "precio": "2,24 \u20ac", "oferta": "", "supermercado": "Carrefour"},
{"query": "Yogur natural", "nombre": "Yogur natural Danone pack de 4 unidades de 120 g.", "imagen_src": "https://static.carrefour.es/hd_350x_/img_pim_food/002901_00_1.jpg", "precio_peso": "2,69 \u20ac/kg", "precio": "1,29 \u20ac", "oferta": "", "supermercado": "Carrefour"},
{"query": "Yogur natural", "nombre": "", "imagen_src": "https://static.carrefour.es/hd_350x_/img_pim_food/440996_00_1.jpg", "precio_peso": "", "precio": "", "oferta": "", "supermercado": "Carrefour"},
{"query": "Yogur natural", "nombre": "", "imagen_src": "https://static.carrefour.es/hd_350x_/img_pim_food/549359_00_1.jpg", "precio_peso": "", "precio": "", "oferta": "", "supermercado": "Carrefour"},
],
[
{"query": "Yogur desnatado", "nombre": "Yogur desnatado natural sin azucar anadido Carrefour Classic' pack de 4 unidades de 125 g.", "imagen_src": "https://static.carrefour.es/hd_350x_/img_pim_food/713836_00_1.jpg", "precio_peso": "1,18 \u20ac/kg", "precio": "0,59 \u20ac", "oferta": "", "supermercado": "Carrefour"},
{"query": "Yogur desnatado", "nombre": "Yogur desnatado natural edulcorado sin azucar anadido Carrefour Classic' pack de 4 unidades de 125 g.", "imagen_src": "https://static.carrefour.es/hd_350x_/img_pim_food/673962_00_1.jpg", "precio_peso": "1,20 \u20ac/kg", "precio": "0,60 \u20ac", "oferta": "", "supermercado": "Carrefour"},
{"query": "Yogur desnatado", "nombre": "Yogur desnatado de fresa, de pina, de limon y de frutas del bosque sin azucar anadido Carrefour Classic' pack de 8 unidades de 125 g.", "imagen_src": "https://static.carrefour.es/hd_350x_/img_pim_food/372715_00_1.jpg", "precio_peso": "1,45 \u20ac/kg", "precio": "1,45 \u20ac", "oferta": "", "supermercado": "Carrefour"},
{"query": "Yogur desnatado", "nombre": "Yogur desnatado de coco sin azucar anadido Carrefour Classic' pack de 4 unidades de 125 g.", "imagen_src": "https://static.carrefour.es/hd_350x_/img_pim_food/372829_00_1.jpg", "precio_peso": "1,50 \u20ac/kg", "precio": "0,75 \u20ac", "oferta": "", "supermercado": "Carrefour"},
{"query": "Yogur desnatado", "nombre": "", "imagen_src": "https://static.carrefour.es/hd_350x_/img_pim_food/372759_00_1.jpg", "precio_peso": "", "precio": "0,75 \u20ac", "oferta": "", "supermercado": "Carrefour"},
{"query": "Yogur desnatado", "nombre": "", "imagen_src": "https://static.carrefour.es/hd_350x_/img_pim_food/553826_00_1.jpg", "precio_peso": "", "precio": "2,65 \u20ac", "oferta": "", "supermercado": "Carrefour"},
],
[
{"query": "Mousse de yogur", "nombre": "Mousse de chocolete con leche Carrefour Classic' pack de 4 unidades de 60 g.", "imagen_src": "https://static.carrefour.es/hd_350x_/img_pim_food/233189_00_1.jpg", "precio_peso": "3,12 \u20ac/kg", "precio": "0,75 \u20ac", "oferta": "", "supermercado": "Carrefour"},
{"query": "Mousse de yogur", "nombre": "Mousse de chocolate crujiente Nestle Gold pack de 4 unidades de 57 g.", "imagen_src": "https://static.carrefour.es/hd_350x_/img_pim_food/706751_00_1.jpg", "precio_peso": "9,43 \u20ac/kg", "precio": "2,15 \u20ac", "oferta": "", "supermercado": "Carrefour"},
{"query": "Mousse de yogur", "nombre": "Mousse natural azucarado Danone sin gluten pack de 4 unidades de 65 g.", "imagen_src": "https://static.carrefour.es/hd_350x_/img_pim_food/780223_00_1.jpg", "precio_peso": "8,65 \u20ac/kg", "precio": "2,25 \u20ac", "oferta": "", "supermercado": "Carrefour"},
{"query": "Mousse de yogur", "nombre": "Mousse de limon Nestle La Lechera sin gluten pack de 4 unidades de 62 g.", "imagen_src": "https://static.carrefour.es/hd_350x_/img_pim_food/003744_00_1.jpg", "precio_peso": "9,28 \u20ac/kg", "precio": "2,19 \u20ac", "oferta": "", "supermercado": "Carrefour"},
{"query": "Mousse de yogur", "nombre": "", "imagen_src": "https://static.carrefour.es/hd_350x_/img_pim_food/877987_00_1.jpg", "precio_peso": "", "precio": "", "oferta": "", "supermercado": "Carrefour"},
{"query": "Mousse de yogur", "nombre": "", "imagen_src": "https://static.carrefour.es/hd_350x_/img_pim_food/631699_00_1.jpg", "precio_peso": "", "precio": "", "oferta": "", "supermercado": "Carrefour"},
],
[
],
[
{"query": "Yogur de soja", "nombre": "Yogur bifidus con mango y papaya con soja Danone Activia pack de 4 unidades de 120 g.", "imagen_src": "https://static.carrefour.es/hd_350x_/img_pim_food/603046_00_1.jpg", "precio_peso": "5,19 \u20ac/kg", "precio": "2,49 \u20ac", "oferta": "", "supermercado": "Carrefour"},
{"query": "Yogur de soja", "nombre": "Preparado de soja con mandarina y lima Sojasun sin gluten sin lactosa pack de 4 unidades de 100 g.", "imagen_src": "https://static.carrefour.es/hd_350x_/img_pim_food/958224_00_1.jpg", "precio_peso": "4,97 \u20ac/kg", "precio": "1,99 \u20ac", "oferta": "", "supermercado": "Carrefour"},
{"query": "Yogur de soja", "nombre": "Preparado de soja natural con coco Alpro sin gluten sin lactosa 500 g.", "imagen_src": "https://static.carrefour.es/hd_350x_/img_pim_food/855994_00_1.jpg", "precio_peso": "4,58 \u20ac/kg", "precio": "2,29 \u20ac", "oferta": "", "supermercado": "Carrefour"},
{"query": "Yogur de soja", "nombre": "Preparado de soja sabor mango sin azucar anadido Alpro sin gluten sin lactosa 400 g.", "imagen_src": "https://static.carrefour.es/hd_350x_/img_pim_food/253534_00_1.jpg", "precio_peso": "5,72 \u20ac/kg", "precio": "2,29 \u20ac", "oferta": "", "supermercado": "Carrefour"},
{"query": "Yogur de soja", "nombre": "", "imagen_src": "https://static.carrefour.es/hd_350x_/img_pim_food/855997_00_1.jpg", "precio_peso": "", "precio": "", "oferta": "", "supermercado": "Carrefour"},
{"query": "Yogur de soja", "nombre": "", "imagen_src": "https://static.carrefour.es/hd_350x_/img_pim_food/078667_00_1.jpg", "precio_peso": "", "precio": "", "oferta": "", "supermercado": "Carrefour"},
],
[
{"query": "Petit-suisse", "nombre": "Petit Pittacum Tinto 2021", "imagen_src": "https://static.carrefour.es/hd_350x_/img_pim_food/148126_00_2_Bodega.jpg", "precio_peso": "6,89 \u20ac/ud", "precio": "6,89 \u20ac", "oferta": "", "supermercado": "Carrefour"},
{"query": "Petit-suisse", "nombre": "Pago Del Vicario Petit Verdot Rosado 2021", "imagen_src": "https://static.carrefour.es/hd_350x_/img_pim_food/450113_00_2_Bodega.jpg", "precio_peso": "7,05 \u20ac/ud", "precio": "7,05 \u20ac", "oferta": "", "supermercado": "Carrefour"},
{"query": "Petit-suisse", "nombre": "Petit Albet Brut Reserva Espumoso Brut 2019", "imagen_src": "https://static.carrefour.es/hd_350x_/img_pim_food/161946_00_2_Bodega.jpg", "precio_peso": "9,19 \u20ac/ud", "precio": "9,19 \u20ac", "oferta": "", "supermercado": "Carrefour"},
{"query": "Petit-suisse", "nombre": "Hello World Petit Verdot Tinto 2021", "imagen_src": "https://static.carrefour.es/hd_350x_/img_pim_food/323886_00_2_Bodega.jpg", "precio_peso": "5,55 \u20ac/ud", "precio": "5,55 \u20ac", "oferta": "", "supermercado": "Carrefour"},
{"query": "Petit-suisse", "nombre": "", "imagen_src": "https://static.carrefour.es/hd_350x_/img_pim_food/339617_00_2_Bodega.jpg", "precio_peso": "", "precio": "", "oferta": "", "supermercado": "Carrefour"},
{"query": "Petit-suisse", "nombre": "", "imagen_src": "https://static.carrefour.es/hd_350x_/img_pim_food/256697_00_2_Bodega.jpg", "precio_peso": "", "precio": "", "oferta": "", "supermercado": "Carrefour"},
],
[
{"query": "Yogur bebido ", "nombre": "Yogur L.Casei liquido con fresa-platano y pina-coco Carrefour pack de 12 unidades de 100 g.", "imagen_src": "https://static.carrefour.es/hd_350x_/img_pim_food/909655_00_1.jpg", "precio_peso": "1,87 \u20ac/kg", "precio": "2,25 \u20ac", "oferta": "", "supermercado": "Carrefour"},
{"query": "Yogur bebido ", "nombre": "Yogur L.Casei liquido con fresa Danone - Actimel kids pack de 14 unidades de 100 g.", "imagen_src": "https://static.carrefour.es/hd_350x_/img_pim_food/637570_00_1.jpg", "precio_peso": "4,49 \u20ac/kg", "precio": "6,29 \u20ac", "oferta": "", "supermercado": "Carrefour"},
{"query": "Yogur bebido ", "nombre": "Yogur L.Casei liquido con fresa Carrefour Classic' pack de 12 unidades de 100 g.", "imagen_src": "https://static.carrefour.es/hd_350x_/img_pim_food/904623_00_1.jpg", "precio_peso": "1,87 \u20ac/kg", "precio": "2,25 \u20ac", "oferta": "", "supermercado": "Carrefour"},
{"query": "Yogur bebido ", "nombre": "Yogur desnatado liquido de fresa sin azucar anadido con edulcorante Carrefour 1 kg.", "imagen_src": "https://static.carrefour.es/hd_350x_/img_pim_food/256986_00_1.jpg", "precio_peso": "1,30 \u20ac/kg", "precio": "1,30 \u20ac", "oferta": "", "supermercado": "Carrefour"},
{"query": "Yogur bebido ", "nombre": "", "imagen_src": "https://static.carrefour.es/hd_350x_/img_pim_food/575901_00_1.jpg", "precio_peso": "", "precio": "6,29 \u20ac", "oferta": "", "supermercado": "Carrefour"},
{"query": "Yogur bebido ", "nombre": "", "imagen_src": "https://static.carrefour.es/hd_350x_/img_pim_food/777452_00_1.jpg", "precio_peso": "", "precio": "1,99 \u20ac", "oferta": "", "supermercado": "Carrefour"},
],
[
{"query": "Leche entera", "nombre": "Leche entera Carrefour brik 1 l.", "imagen_src": "https://static.carrefour.es/hd_350x_/img_pim_food/231395_00_1.jpg", "precio_peso": "0,78 \u20ac/l", "precio": "0,78 \u20ac", "oferta": "", "supermercado": "Carrefour"},
{"query": "Leche entera", "nombre": "Leche entera brik 1 l.", "imagen_src": "https://static.carrefour.es/hd_350x_/img_pim_food/183462_00_1.jpg", "precio_peso": "0,75 \u20ac/l", "precio": "0,75 \u20ac", "oferta": "", "supermercado": "Carrefour"},
{"query": "Leche entera", "nombre": "Leche entera Central Lechera Asturiana brik 1 l.", "imagen_src": "https://static.carrefour.es/hd_350x_/img_pim_food/002883_00_1.jpg", "precio_peso": "0,95 \u20ac/l", "precio": "0,95 \u20ac", "oferta": "", "supermercado": "Carrefour"},
{"query": "Leche entera", "nombre": "Leche entera President brik 1 l.", "imagen_src": "https://static.carrefour.es/hd_350x_/img_pim_food/022155_00_1.jpg", "precio_peso": "0,89 \u20ac/l", "precio": "0,89 \u20ac", "oferta": "", "supermercado": "Carrefour"},
{"query": "Leche entera", "nombre": "", "imagen_src": "https://static.carrefour.es/hd_350x_/img_pim_food/002882_00_1.jpg", "precio_peso": "", "precio": "", "oferta": "", "supermercado": "Carrefour"},
{"query": "Leche entera", "nombre": "", "imagen_src": "https://static.carrefour.es/hd_350x_/img_pim_food/971656_00_1.jpg", "precio_peso": "", "precio": "", "oferta": "", "supermercado": "Carrefour"},
],
[
{"query": "Leche semidesnatada", "nombre": "Leche semidesnatada Carrefour brik 1 l.", "imagen_src": "https://static.carrefour.es/hd_350x_/img_pim_food/231394_00_1.jpg", "precio_peso": "0,78 \u20ac/l", "precio": "0,78 \u20ac", "oferta": "", "supermercado": "Carrefour"},
{"query": "Leche semidesnatada", "nombre": "Leche semidesnatada Central Lechera Asturiana brik 1 l.", "imagen_src": "https://static.carrefour.es/hd_350x_/img_pim_food/020274_00_1.jpg", "precio_peso": "0,95 \u20ac/l", "precio": "0,95 \u20ac", "oferta": "", "supermercado": "Carrefour"},
{"query": "Leche semidesnatada", "nombre": "Leche semidesnatada brik 1 l.", "imagen_src": "https://static.carrefour.es/hd_350x_/img_pim_food/183479_00_1.jpg", "precio_peso": "0,75 \u20ac/l", "precio": "0,75 \u20ac", "oferta": "", "supermercado": "Carrefour"},
{"query": "Leche semidesnatada", "nombre": "Leche semidesnatada President brik 1 l.", "imagen_src": "https://static.carrefour.es/hd_350x_/img_pim_food/002785_00_1.jpg", "precio_peso": "0,89 \u20ac/l", "precio": "0,89 \u20ac", "oferta": "", "supermercado": "Carrefour"},
{"query": "Leche semidesnatada", "nombre": "", "imagen_src": "https://static.carrefour.es/hd_350x_/img_pim_food/049424_00_1.jpg", "precio_peso": "", "precio": "", "oferta": "", "supermercado": "Carrefour"},
{"query": "Leche semidesnatada", "nombre": "", "imagen_src": "https://static.carrefour.es/hd_350x_/img_pim_food/971658_00_1.jpg", "precio_peso": "", "precio": "", "oferta": "", "supermercado": "Carrefour"},
],
[
{"query": "Leche desnatada", "nombre": "Leche desnatada Carrefour brik 1 l.", "imagen_src": "https://static.carrefour.es/hd_350x_/img_pim_food/231393_00_1.jpg", "precio_peso": "0,78 \u20ac/l", "precio": "0,78 \u20ac", "oferta": "", "supermercado": "Carrefour"},
{"query": "Leche desnatada", "nombre": "Leche desnatada Central Lechera Asturiana brik 1 l.", "imagen_src": "https://static.carrefour.es/hd_350x_/img_pim_food/020275_00_1.jpg", "precio_peso": "0,95 \u20ac/l", "precio": "0,95 \u20ac", "oferta": "", "supermercado": "Carrefour"},
{"query": "Leche desnatada", "nombre": "Leche desnatada brik 1 l.", "imagen_src": "https://static.carrefour.es/hd_350x_/img_pim_food/183487_00_1.jpg", "precio_peso": "0,75 \u20ac/l", "precio": "0,75 \u20ac", "oferta": "", "supermercado": "Carrefour"},
{"query": "Leche desnatada", "nombre": "Leche desnatada President brik 1 l.", "imagen_src": "https://static.carrefour.es/hd_350x_/img_pim_food/002786_00_1.jpg", "precio_peso": "0,89 \u20ac/l", "precio": "0,89 \u20ac", "oferta": "", "supermercado": "Carrefour"},
{"query": "Leche desnatada", "nombre": "", "imagen_src": "https://static.carrefour.es/hd_350x_/img_pim_food/231300_00_1.jpg", "precio_peso": "", "precio": "", "oferta": "", "supermercado": "Carrefour"},
{"query": "Leche desnatada", "nombre": "", "imagen_src": "https://static.carrefour.es/hd_350x_/img_pim_food/049435_00_1.jpg", "precio_peso": "", "precio": "", "oferta": "", "supermercado": "Carrefour"},
],
[
{"query": "Leche de oveja", "nombre": "Leche semidesnatada de oveja Covap brik 1 l.", "imagen_src": "https://static.carrefour.es/hd_350x_/img_pim_food/822158_00_1.jpg", "precio_peso": "2,09 \u20ac/l", "precio": "2,09 \u20ac", "oferta": "", "supermercado": "Carrefour"},
{"query": "Leche de oveja", "nombre": "Kefir de leche de cabra y oveja desnatado ecologico Carrefour Bio 420 g.", "imagen_src": "https://static.carrefour.es/hd_350x_/img_pim_food/437905_00_1.jpg", "precio_peso": "6,40 \u20ac/kg", "precio": "2,69 \u20ac", "oferta": "", "supermercado": "Carrefour"},
{"query": "Leche de oveja", "nombre": "Kefir de leche de oveja ecologico Carrefour Bio 420g.", "imagen_src": "https://static.carrefour.es/hd_350x_/img_pim_food/437909_00_1.jpg", "precio_peso": "5,93 \u20ac/kg", "precio": "2,49 \u20ac", "oferta": "", "supermercado": "Carrefour"},
{"query": "Leche de oveja", "nombre": "Kefir de leche de oveja 0% MG ecologico Carrefour Bio 420 g.", "imagen_src": "https://static.carrefour.es/hd_350x_/img_pim_food/437912_00_1.jpg", "precio_peso": "7,50 \u20ac/kg", "precio": "3,15 \u20ac", "oferta": "", "supermercado": "Carrefour"},
{"query": "Leche de oveja", "nombre": "", "imagen_src": "https://static.carrefour.es/hd_350x_/img_pim_food/586421_00_1.jpg", "precio_peso": "", "precio": "", "oferta": "", "supermercado": "Carrefour"},
{"query": "Leche de oveja", "nombre": "", "imagen_src": "https://static.carrefour.es/hd_350x_/img_pim_food/437920_00_1.jpg", "precio_peso": "", "precio": "", "oferta": "", "supermercado": "Carrefour"},
],
[
{"query": "Leche de soja", "nombre": "Bebida de soja con calcio Carrefour sin gluten brik 1 l.", "imagen_src": "https://static.carrefour.es/hd_350x_/img_pim_food/955535_00_1.jpg", "precio_peso": "0,85 \u20ac/l", "precio": "0,85 \u20ac", "oferta": "", "supermercado": "Carrefour"},
{"query": "Leche de soja", "nombre": "Bebida de soja ligera Alpro sin gluten sin lactosa brik 1 l.", "imagen_src": "https://static.carrefour.es/hd_350x_/img_pim_food/732751_00_1.jpg", "precio_peso": "1,79 \u20ac/l", "precio": "1,79 \u20ac", "oferta": "", "supermercado": "Carrefour"},
{"query": "Leche de soja", "nombre": "Bebida de soja ligera ViveSoy brik 1 l.", "imagen_src": "https://static.carrefour.es/hd_350x_/img_pim_food/245205_00_1.jpg", "precio_peso": "1,69 \u20ac/l", "precio": "1,69 \u20ac", "oferta": "", "supermercado": "Carrefour"},
{"query": "Leche de soja", "nombre": "Bebida de soja sin azucar anadido ecologica Carrefour Bio sin gluten Brik 1 l.", "imagen_src": "https://static.carrefour.es/hd_350x_/img_pim_food/580537_00_1.jpg", "precio_peso": "1,29 \u20ac/l", "precio": "1,29 \u20ac", "oferta": "", "supermercado": "Carrefour"},
{"query": "Leche de soja", "nombre": "", "imagen_src": "https://static.carrefour.es/hd_350x_/img_pim_food/732759_00_1.jpg", "precio_peso": "", "precio": "", "oferta": "", "supermercado": "Carrefour"},
{"query": "Leche de soja", "nombre": "", "imagen_src": "https://static.carrefour.es/hd_350x_/img_pim_food/732762_00_1.jpg", "precio_peso": "", "precio": "", "oferta": "", "supermercado": "Carrefour"},
],
[
{"query": "Leche de soja con chocolate", "nombre": "Bebida de soja sabor chocolate con calcio Sensation Carrefour sin gluten brik 1 l.", "imagen_src": "https://static.carrefour.es/hd_350x_/img_pim_food/955593_00_1.jpg", "precio_peso": "0,99 \u20ac/l", "precio": "0,99 \u20ac", "oferta": "", "supermercado": "Carrefour"},
],
[
{"query": "Leche de Almendras ", "nombre": "", "imagen_src": "https://static.carrefour.es/hd_350x_/img_pim_food/637181_00_1.jpg", "precio_peso": "1,10 \u20ac/l", "precio": "1,10 \u20ac", "oferta": "", "supermercado": "Carrefour"},
{"query": "Leche de Almendras ", "nombre": "Bebida de almendras Alpro sin gluten sin lactosa brik 1 l.", "imagen_src": "https://static.carrefour.es/hd_350x_/img_pim_food/732769_00_1.jpg", "precio_peso": "1,99 \u20ac/l", "precio": "1,99 \u20ac", "oferta": "", "supermercado": "Carrefour"},
{"query": "Leche de Almendras ", "nombre": "Bebida de almendras sin azucar anadido ecologica Carrefour Bio sin gluten Brik 1 l.", "imagen_src": "https://static.carrefour.es/hd_350x_/img_pim_food/580529_00_1.jpg", "precio_peso": "1,59 \u20ac/l", "precio": "1,59 \u20ac", "oferta": "", "supermercado": "Carrefour"},
{"query": "Leche de Almendras ", "nombre": "Bebida de almendras zero Almond Breeze sin gluten sin lactosa brik 1 l.", "imagen_src": "https://static.carrefour.es/hd_350x_/img_pim_food/947318_00_1.jpg", "precio_peso": "1,82 \u20ac/l", "precio": "1,82 \u20ac", "oferta": "", "supermercado": "Carrefour"},
{"query": "Leche de Almendras ", "nombre": "", "imagen_src": "https://static.carrefour.es/hd_350x_/img_pim_food/371674_00_1.jpg", "precio_peso": "", "precio": "", "oferta": "", "supermercado": "Carrefour"},
{"query": "Leche de Almendras ", "nombre": "", "imagen_src": "https://static.carrefour.es/hd_350x_/img_pim_food/554219_00_1.jpg", "precio_peso": "", "precio": "", "oferta": "", "supermercado": "Carrefour"},
],
[
{"query": "Leche sin lactosa entera", "nombre": "Leche entera Carrefour sin lactosa brik 1 l.", "imagen_src": "https://static.carrefour.es/hd_350x_/img_pim_food/028412_00_1.jpg", "precio_peso": "0,86 \u20ac/l", "precio": "0,86 \u20ac", "oferta": "", "supermercado": "Carrefour"},
{"query": "Leche sin lactosa entera", "nombre": "Leche entera Central Lechera Asturiana sin lactosa brik 1 l.", "imagen_src": "https://static.carrefour.es/hd_350x_/img_pim_food/231336_00_1.jpg", "precio_peso": "1,15 \u20ac/l", "precio": "1,15 \u20ac", "oferta": "", "supermercado": "Carrefour"},
{"query": "Leche sin lactosa entera", "nombre": "Leche entera Pascual sin lactosa brik 1 l.", "imagen_src": "https://static.carrefour.es/hd_350x_/img_pim_food/323816_00_1.jpg", "precio_peso": "1,19 \u20ac/l", "precio": "1,19 \u20ac", "oferta": "", "supermercado": "Carrefour"},
{"query": "Leche sin lactosa entera", "nombre": "Leche entera Kaiku sin lactosa brik 1 l.", "imagen_src": "https://static.carrefour.es/hd_350x_/img_pim_food/216479_00_1.jpg", "precio_peso": "1,29 \u20ac/l", "precio": "1,29 \u20ac", "oferta": "", "supermercado": "Carrefour"},
{"query": "Leche sin lactosa entera", "nombre": "", "imagen_src": "https://static.carrefour.es/hd_350x_/img_pim_food/435573_00_1.jpg", "precio_peso": "", "precio": "", "oferta": "", "supermercado": "Carrefour"},
],
[
{"query": "Leche con omega 3 desnatada", "nombre": "Bebida lactea a base de leche desnatada con Omega 3 Flora sin gluten brik 1 l.", "imagen_src": "https://static.carrefour.es/hd_350x_/img_pim_food/016260_00_1.jpg", "precio_peso": "1,65 \u20ac/l", "precio": "1,65 \u20ac", "oferta": "", "supermercado": "Carrefour"},
],
[
{"query": "Leche condensada", "nombre": "Leche condensada entera Classic Carrefour 1 kg.", "imagen_src": "https://static.carrefour.es/hd_350x_/img_pim_food/599715_00_1.jpg", "precio_peso": "2,25 \u20ac/kg", "precio": "2,25 \u20ac", "oferta": "", "supermercado": "Carrefour"},
{"query": "Leche condensada", "nombre": "Leche condensada Carrefour 397 g.", "imagen_src": "https://static.carrefour.es/hd_350x_/img_pim_food/231548_00_1.jpg", "precio_peso": "3,15 \u20ac/kg", "precio": "1,25 \u20ac", "oferta": "", "supermercado": "Carrefour"},
{"query": "Leche condensada", "nombre": "Leche condensada Carrefour 450 g.", "imagen_src": "https://static.carrefour.es/hd_350x_/img_pim_food/635016_00_1.jpg", "precio_peso": "3,44 \u20ac/kg", "precio": "1,55 \u20ac", "oferta": "", "supermercado": "Carrefour"},
{"query": "Leche condensada", "nombre": "Leche condensada Nestle La Lechera 450 g.", "imagen_src": "https://static.carrefour.es/hd_350x_/img_pim_food/373455_00_1.jpg", "precio_peso": "6,11 \u20ac/kg", "precio": "2,75 \u20ac", "oferta": "", "supermercado": "Carrefour"},
{"query": "Leche condensada", "nombre": "", "imagen_src": "https://static.carrefour.es/hd_350x_/img_pim_food/001806_00_1.jpg", "precio_peso": "3,99 \u20ac/kg", "precio": "2,95 \u20ac", "oferta": "", "supermercado": "Carrefour"},
{"query": "Leche condensada", "nombre": "", "imagen_src": "https://static.carrefour.es/hd_350x_/img_pim_food/599752_00_1.jpg", "precio_peso": "2,49 \u20ac/kg", "precio": "2,59 \u20ac", "oferta": "", "supermercado": "Carrefour"},
],
[
{"query": "Cuajada", "nombre": "Cuajada natural Carrefour pack de 4 unidades de 125 g.", "imagen_src": "https://static.carrefour.es/hd_350x_/img_pim_food/430494_00_1.jpg", "precio_peso": "2,10 \u20ac/kg", "precio": "1,05 \u20ac", "oferta": "", "supermercado": "Carrefour"},
{"query": "Cuajada", "nombre": "Cuajada Danone sin gluten pack de 2 unidades de 135 g.", "imagen_src": "https://static.carrefour.es/hd_350x_/img_pim_food/295158_00_1.jpg", "precio_peso": "4,78 \u20ac/kg", "precio": "1,29 \u20ac", "oferta": "", "supermercado": "Carrefour"},
{"query": "Cuajada", "nombre": "Cuajada azucarada Danone sin gluten pack de 2 unidades de 135 g.", "imagen_src": "https://static.carrefour.es/hd_350x_/img_pim_food/414308_00_1.jpg", "precio_peso": "4,78 \u20ac/kg", "precio": "1,29 \u20ac", "oferta": "", "supermercado": "Carrefour"},
{"query": "Cuajada", "nombre": "Preparado para cuajada Carrefour pack de 4 sobres de 12 g.", "imagen_src": "https://static.carrefour.es/hd_350x_/img_pim_food/440627_00_1.jpg", "precio_peso": "23,80 \u20ac/kg", "precio": "1,19 \u20ac", "oferta": "", "supermercado": "Carrefour"},
{"query": "Cuajada", "nombre": "", "imagen_src": "https://static.carrefour.es/hd_350x_/img_pim_food/637435_00_1.jpg", "precio_peso": "", "precio": "", "oferta": "", "supermercado": "Carrefour"},
{"query": "Cuajada", "nombre": "", "imagen_src": "https://static.carrefour.es/hd_350x_/img_pim_food/295104_00_1.jpg", "precio_peso": "", "precio": "", "oferta": "", "supermercado": "Carrefour"},
],
[
{"query": "Natilla de vainilla", "nombre": "Natillas de vainilla Carrefour Classic' pack de 4 unidades de 125 g.", "imagen_src": "https://static.carrefour.es/hd_350x_/img_pim_food/971662_00_1.jpg", "precio_peso": "1,70 \u20ac/kg", "precio": "0,85 \u20ac", "oferta": "", "supermercado": "Carrefour"},
{"query": "Natilla de vainilla", "nombre": "Natillas de vainilla Danone Danet pack de 8 unidades de 120 g.", "imagen_src": "https://static.carrefour.es/hd_350x_/img_pim_food/755996_00_1.jpg", "precio_peso": "3,11 \u20ac/kg", "precio": "2,99 \u20ac", "oferta": "", "supermercado": "Carrefour"},
{"query": "Natilla de vainilla", "nombre": "Natillas de vainilla La Lechera sin gluten pack de 6 unidades de 115 g.", "imagen_src": "https://static.carrefour.es/hd_350x_/img_pim_food/618804_00_1.jpg", "precio_peso": "3,03 \u20ac/kg", "precio": "2,09 \u20ac", "oferta": "", "supermercado": "Carrefour"},
{"query": "Natilla de vainilla", "nombre": "Natillas de vainilla Dhul sin lactosa pack de 4 unidades de 125 g.", "imagen_src": "https://static.carrefour.es/hd_350x_/img_pim_food/267675_00_1.jpg", "precio_peso": "4,58 \u20ac/kg", "precio": "2,29 \u20ac", "oferta": "", "supermercado": "Carrefour"},
{"query": "Natilla de vainilla", "nombre": "", "imagen_src": "https://static.carrefour.es/hd_350x_/img_pim_food/796027_00_1.jpg", "precio_peso": "", "precio": "", "oferta": "", "supermercado": "Carrefour"},
],
[
{"query": "Natilla de chocolate", "nombre": "Natillas de chocolate Carrefour pack de 4 unidades de 125 g.", "imagen_src": "https://static.carrefour.es/hd_350x_/img_pim_food/971661_00_1.jpg", "precio_peso": "1,70 \u20ac/kg", "precio": "0,85 \u20ac", "oferta": "", "supermercado": "Carrefour"},
{"query": "Natilla de chocolate", "nombre": "Natilla de chocolate alta en proteinas Valio Profeel Protein sin gluten sin lactosa 180 g.", "imagen_src": "https://static.carrefour.es/hd_350x_/img_pim_food/401839_00_1.jpg", "precio_peso": "8,06 \u20ac/kg", "precio": "1,45 \u20ac", "oferta": "", "supermercado": "Carrefour"},
{"query": "Natilla de chocolate", "nombre": "Natillas de chocolate Danone Danet pack de 8 unidades de 120 g.", "imagen_src": "https://static.carrefour.es/hd_350x_/img_pim_food/756003_00_1.jpg", "precio_peso": "3,11 \u20ac/kg", "precio": "2,99 \u20ac", "oferta": "", "supermercado": "Carrefour"},
{"query": "Natilla de chocolate", "nombre": "Natillas de chocolate con nata Danone Danet pack de 4 unidades de 100 g.", "imagen_src": "https://static.carrefour.es/hd_350x_/img_pim_food/943887_00_1.jpg", "precio_peso": "5,70 \u20ac/kg", "precio": "2,28 \u20ac", "oferta": "", "supermercado": "Carrefour"},
{"query": "Natilla de chocolate", "nombre": "", "imagen_src": "https://static.carrefour.es/hd_350x_/img_pim_food/081864_00_1.jpg", "precio_peso": "", "precio": "", "oferta": "", "supermercado": "Carrefour"},
{"query": "Natilla de chocolate", "nombre": "", "imagen_src": "https://static.carrefour.es/hd_350x_/img_pim_food/145208_00_1.jpg", "precio_peso": "", "precio": "", "oferta": "", "supermercado": "Carrefour"},
],
[
{"query": "Flan de huevo", "nombre": "Flan de huevo al bano Maria Carrefour Classic' sin gluten pack de 9 unidades de 100 g.", "imagen_src": "https://static.carrefour.es/hd_350x_/img_pim_food/420375_00_1.jpg", "precio_peso": "3,21 \u20ac/kg", "precio": "2,89 \u20ac", "oferta": "", "supermercado": "Carrefour"},
{"query": "Flan de huevo", "nombre": "Flan de huevo al bano Maria Carrefour Classic' sin gluten pack de 4 unidades de 100 g.", "imagen_src": "https://static.carrefour.es/hd_350x_/img_pim_food/233299_00_1.jpg", "precio_peso": "2,72 \u20ac/kg", "precio": "1,09 \u20ac", "oferta": "", "supermercado": "Carrefour"},
{"query": "Flan de huevo", "nombre": "Flan de huevo al bano Maria Dhul sin gluten pack de 4 unidades de 110 g.", "imagen_src": "https://static.carrefour.es/hd_350x_/img_pim_food/002979_00_1.jpg", "precio_peso": "5,66 \u20ac/kg", "precio": "2,49 \u20ac", "oferta": "", "supermercado": "Carrefour"},
{"query": "Flan de huevo", "nombre": "Flan de huevo al bano Maria 0% azucares anadidos 0% materia grasa Dhul sin gluten pack de 4 unidades de 100 g.", "imagen_src": "https://static.carrefour.es/hd_350x_/img_pim_food/366812_00_1.jpg", "precio_peso": "6,23 \u20ac/kg", "precio": "2,49 \u20ac", "oferta": "", "supermercado": "Carrefour"},
{"query": "Flan de huevo", "nombre": "", "imagen_src": "https://static.carrefour.es/hd_350x_/img_pim_food/843348_00_1.jpg", "precio_peso": "", "precio": "", "oferta": "", "supermercado": "Carrefour"},
{"query": "Flan de huevo", "nombre": "", "imagen_src": "https://static.carrefour.es/hd_350x_/img_pim_food/576323_00_1.jpg", "precio_peso": "", "precio": "", "oferta": "", "supermercado": "Carrefour"},
],
[
{"query": "Flan de vainilla", "nombre": "Flan de vainilla Danone sin gluten pack de 4 unidades de 100 g.", "imagen_src": "https://static.carrefour.es/hd_350x_/img_pim_food/002955_00_1.jpg", "precio_peso": "4,17 \u20ac/kg", "precio": "1,67 \u20ac", "oferta": "", "supermercado": "Carrefour"},
{"query": "Flan de vainilla", "nombre": "Flan de vainilla con caramelo Nestle La Lechera pack de 6 unidades de 100 g.", "imagen_src": "https://static.carrefour.es/hd_350x_/img_pim_food/978892_00_1.jpg", "precio_peso": "3,32 \u20ac/kg", "precio": "1,99 \u20ac", "oferta": "", "supermercado": "Carrefour"},
{"query": "Flan de vainilla", "nombre": "Flan de vainilla Dhul sin gluten sin lactosa pack de 4 unidades de 100 g.", "imagen_src": "https://static.carrefour.es/hd_350x_/img_pim_food/897837_00_1.jpg", "precio_peso": "3,97 \u20ac/kg", "precio": "1,59 \u20ac", "oferta": "", "supermercado": "Carrefour"},
{"query": "Flan de vainilla", "nombre": "Flan de vainilla Reina sin gluten pack de 12 unidades de 100 g.", "imagen_src": "https://static.carrefour.es/hd_350x_/img_pim_food/601684_00_1.jpg", "precio_peso": "2,32 \u20ac/kg", "precio": "2,78 \u20ac", "oferta": "", "supermercado": "Carrefour"},
{"query": "Flan de vainilla", "nombre": "", "imagen_src": "https://static.carrefour.es/hd_350x_/imagenes/products/84365/78410/194/8436578410194/imagenGrande1.jpg", "precio_peso": "", "precio": "", "oferta": "", "supermercado": "Carrefour"},
{"query": "Flan de vainilla", "nombre": "", "imagen_src": "https://static.carrefour.es/hd_350x_/img_pim_food/350960_00_1.jpg", "precio_peso": "", "precio": "", "oferta": "", "supermercado": "Carrefour"},
],
[
{"query": "Crema catalana", "nombre": "Crema catalana con azucar caramelizado Carrefour Original sin gluten pack de 4 unidades de 100 g.", "imagen_src": "https://static.carrefour.es/hd_350x_/img_pim_food/598944_00_1.jpg", "precio_peso": "5,75 \u20ac/kg", "precio": "2,30 \u20ac", "oferta": "", "supermercado": "Carrefour"},
{"query": "Crema catalana", "nombre": "Crema catalana Mont Joui 70 cl.", "imagen_src": "https://static.carrefour.es/hd_350x_/img_pim_food/102080_00_1.jpg", "precio_peso": "7,70 \u20ac/l", "precio": "5,39 \u20ac", "oferta": "", "supermercado": "Carrefour"},
{"query": "Crema catalana", "nombre": "Preparado para crema catalana Carrefour 150 g.", "imagen_src": "https://static.carrefour.es/hd_350x_/img_pim_food/440594_00_1.jpg", "precio_peso": "6,33 \u20ac/kg", "precio": "0,95 \u20ac", "oferta": "", "supermercado": "Carrefour"},
{"query": "Crema catalana", "nombre": "Crema catalana Original Carrefour pack de 2 unidades de 100 g.", "imagen_src": "https://static.carrefour.es/hd_350x_/img_pim_food/862319_00_1.jpg", "precio_peso": "7,80 \u20ac/kg", "precio": "1,56 \u20ac", "oferta": "", "supermercado": "Carrefour"},
{"query": "Crema catalana", "nombre": "", "imagen_src": "https://static.carrefour.es/hd_350x_/imagenes/products/50563/29508/197/5056329508197/imagenGrande1.jpg", "precio_peso": "", "precio": "", "oferta": "", "supermercado": "Carrefour"},
{"query": "Crema catalana", "nombre": "", "imagen_src": "https://static.carrefour.es/hd_350x_/imagenes/products/50603/26274/139/5060326274139/imagenGrande1.jpg", "precio_peso": "", "precio": "", "oferta": "", "supermercado": "Carrefour"},
],
[
{"query": "Petit-suisse chocolate", "nombre": "Galletas con tableta de chocolate negro Petit ecolier 150 g.", "imagen_src": "https://static.carrefour.es/hd_350x_/img_pim_food/001677_00_1.jpg", "precio_peso": "13,93 \u20ac/kg", "precio": "2,09 \u20ac", "oferta": "", "supermercado": "Carrefour"},
{"query": "Petit-suisse chocolate", "nombre": "Petit Nestle Nesquik sin gluten pack de 6 unidades de 60 g.", "imagen_src": "https://static.carrefour.es/hd_350x_/img_pim_food/041288_00_1.jpg", "precio_peso": "4,03 \u20ac/kg", "precio": "1,45 \u20ac", "oferta": "", "supermercado": "Carrefour"},
],
[
{"query": "Arroz con leche", "nombre": "", "imagen_src": "https://static.carrefour.es/hd_350x_/img_pim_food/440130_00_1.jpg", "precio_peso": "2,28 \u20ac/g", "precio": "1,05 \u20ac", "oferta": "", "supermercado": "Carrefour"},
{"query": "Arroz con leche", "nombre": "Arroz con leche sin azucar anadido Reina sin gluten pack de 4 unidades de 125 g.", "imagen_src": "https://static.carrefour.es/hd_350x_/img_pim_food/447810_00_1.jpg", "precio_peso": "3,60 \u20ac/kg", "precio": "1,80 \u20ac", "oferta": "", "supermercado": "Carrefour"},
{"query": "Arroz con leche", "nombre": "Arroz con leche Carrefour sin gluten 140 g.", "imagen_src": "https://static.carrefour.es/hd_350x_/img_pim_food/233000_00_1.jpg", "precio_peso": "6,79 \u20ac/kg", "precio": "0,95 \u20ac", "oferta": "", "supermercado": "Carrefour"},
{"query": "Arroz con leche", "nombre": "Arroz con leche Ambrosia 400 g.", "imagen_src": "https://static.carrefour.es/hd_350x_/img_pim_food/599151_00_1.jpg", "precio_peso": "9,42 \u20ac/kg", "precio": "3,77 \u20ac", "oferta": "", "supermercado": "Carrefour"},
{"query": "Arroz con leche", "nombre": "", "imagen_src": "https://static.carrefour.es/hd_350x_/img_pim_food/897841_00_1.jpg", "precio_peso": "", "precio": "", "oferta": "", "supermercado": "Carrefour"},
{"query": "Arroz con leche", "nombre": "", "imagen_src": "https://static.carrefour.es/hd_350x_/img_pim_food/854247_00_1.jpg", "precio_peso": "", "precio": "", "oferta": "", "supermercado": "Carrefour"},
],
[
{"query": "Mousse de chocolate ", "nombre": "Mousse de chocolate crujiente Nestle Gold pack de 4 unidades de 57 g.", "imagen_src": "https://static.carrefour.es/hd_350x_/img_pim_food/706751_00_1.jpg", "precio_peso": "9,43 \u20ac/kg", "precio": "2,15 \u20ac", "oferta": "", "supermercado": "Carrefour"},
{"query": "Mousse de chocolate ", "nombre": "Mousse de chocolate con almendras Alpro sin gluten sin lactosa pack de 2 unidades de 70 g.", "imagen_src": "https://static.carrefour.es/hd_350x_/img_pim_food/631699_00_1.jpg", "precio_peso": "12,64 \u20ac/kg", "precio": "1,77 \u20ac", "oferta": "", "supermercado": "Carrefour"},
{"query": "Mousse de chocolate ", "nombre": "Mousse de chocolate blanco Nestle Milkybar sin gluten pack de 4 unidades de 55 g.", "imagen_src": "https://static.carrefour.es/hd_350x_/img_pim_food/061933_00_1.jpg", "precio_peso": "10,23 \u20ac/kg", "precio": "2,25 \u20ac", "oferta": "", "supermercado": "Carrefour"},
{"query": "Mousse de chocolate ", "nombre": "Mousse de chocolate blanco con leche Mousse Duo Nestle La Lechera pack de 4 unidades de 60 g.", "imagen_src": "https://static.carrefour.es/hd_350x_/img_pim_food/087829_00_1.jpg", "precio_peso": "9,37 \u20ac/kg", "precio": "2,25 \u20ac", "oferta": "", "supermercado": "Carrefour"},
{"query": "Mousse de chocolate ", "nombre": "", "imagen_src": "https://static.carrefour.es/hd_350x_/img_pim_food/087825_00_1.jpg", "precio_peso": "", "precio": "", "oferta": "", "supermercado": "Carrefour"},
{"query": "Mousse de chocolate ", "nombre": "", "imagen_src": "https://static.carrefour.es/hd_350x_/img_pim_food/160266_00_1.jpg", "precio_peso": "", "precio": "", "oferta": "", "supermercado": "Carrefour"},
],
[
{"query": "Batido de vainilla", "nombre": "Batido de vainilla Puleva sin gluten pack de 6 briks de 200 ml.", "imagen_src": "https://static.carrefour.es/hd_350x_/img_pim_food/686698_00_1.jpg", "precio_peso": "1,90 \u20ac/l", "precio": "2,28 \u20ac", "oferta": "", "supermercado": "Carrefour"},
{"query": "Batido de vainilla", "nombre": "Batido de vainilla 40% menos azucar Puleva sin gluten botella 1 l.", "imagen_src": "https://static.carrefour.es/hd_350x_/img_pim_food/119166_00_1.jpg", "precio_peso": "1,70 \u20ac/l", "precio": "1,70 \u20ac", "oferta": "", "supermercado": "Carrefour"},
{"query": "Batido de vainilla", "nombre": "Batido de proteinas desnatado sabor vainilla Danone YoPro sin lactosa 330 ml.", "imagen_src": "https://static.carrefour.es/hd_350x_/img_pim_food/475089_00_1.jpg", "precio_peso": "6,94 \u20ac/l", "precio": "2,29 \u20ac", "oferta": "", "supermercado": "Carrefour"},
{"query": "Batido de vainilla", "nombre": "Wp8 Myobolic 2.0 Batido De Vainilla Formula Secuencial De Proteina Vainilla Milkshake 908gr", "imagen_src": "https://static.carrefour.es/hd_350x_/imagenes/products/48583/82002/590/4858382002590/imagenGrande1.jpg", "precio_peso": "", "precio": "34,60 \u20ac", "oferta": "", "supermercado": "Carrefour"},
{"query": "Batido de vainilla", "nombre": "", "imagen_src": "https://static.carrefour.es/hd_350x_/imagenes/products/48583/82002/217/4858382002217/imagenGrande1.jpg", "precio_peso": "", "precio": "", "oferta": "", "supermercado": "Carrefour"},
{"query": "Batido de vainilla", "nombre": "", "imagen_src": "https://static.carrefour.es/hd_350x_/img_pim_food/796027_00_1.jpg", "precio_peso": "", "precio": "", "oferta": "", "supermercado": "Carrefour"},
],
[
{"query": "Batido de fresa", "nombre": "Batido de fresa Puleva sin gluten pack de 6 briks de 200 ml.", "imagen_src": "https://static.carrefour.es/hd_350x_/img_pim_food/686697_00_1.jpg", "precio_peso": "1,90 \u20ac/l", "precio": "2,28 \u20ac", "oferta": "", "supermercado": "Carrefour"},
{"query": "Batido de fresa", "nombre": "Batido de fresa 40% menos azucar Puleva sin gluten botella 1 l.", "imagen_src": "https://static.carrefour.es/hd_350x_/img_pim_food/046194_00_1.jpg", "precio_peso": "1,70 \u20ac/l", "precio": "1,70 \u20ac", "oferta": "", "supermercado": "Carrefour"},
{"query": "Batido de fresa", "nombre": "Batido de fresa Oey botella 750 ml.", "imagen_src": "https://static.carrefour.es/hd_350x_/img_pim_food/007208_00_1.jpg", "precio_peso": "2,12 \u20ac/l", "precio": "1,59 \u20ac", "oferta": "", "supermercado": "Carrefour"},
{"query": "Batido de fresa", "nombre": "Batido sustitutivo de yogur de fresa Bicentury pack de 5 sobres de 45 g.", "imagen_src": "https://static.carrefour.es/hd_350x_/img_pim_food/908603_00_1.jpg", "precio_peso": "27,96 \u20ac/kg", "precio": "6,29 \u20ac", "oferta": "", "supermercado": "Carrefour"},
{"query": "Batido de fresa", "nombre": "", "imagen_src": "https://static.carrefour.es/hd_350x_/img_pim_food/077257_00_1.jpg", "precio_peso": "", "precio": "", "oferta": "", "supermercado": "Carrefour"},
{"query": "Batido de fresa", "nombre": "", "imagen_src": "https://static.carrefour.es/hd_350x_/imagenes/products/48583/82002/606/4858382002606/imagenGrande1.jpg", "precio_peso": "", "precio": "", "oferta": "", "supermercado": "Carrefour"},
],
[
{"query": "Batido de chocolate", "nombre": "Batido de chocolate Pascual pack de 6 briks de 200 ml.", "imagen_src": "https://static.carrefour.es/hd_350x_/img_pim_food/638004_00_1.jpg", "precio_peso": "1,97 \u20ac/l", "precio": "2,36 \u20ac", "oferta": "", "supermercado": "Carrefour"},
{"query": "Batido de chocolate", "nombre": "Batido de chocolate 40% menos azucar Puleva sin gluten botella 1 l.", "imagen_src": "https://static.carrefour.es/hd_350x_/img_pim_food/119105_00_1.jpg", "precio_peso": "1,70 \u20ac/l", "precio": "1,70 \u20ac", "oferta": "", "supermercado": "Carrefour"},
{"query": "Batido de chocolate", "nombre": "Batido de chocolate Puleva sin gluten pack de 6 briks de 200 ml.", "imagen_src": "https://static.carrefour.es/hd_350x_/img_pim_food/686696_00_1.jpg", "precio_peso": "1,96 \u20ac/l", "precio": "2,35 \u20ac", "oferta": "", "supermercado": "Carrefour"},
{"query": "Batido de chocolate", "nombre": "Batido de chocolate 40% menos azucar Puleva sin gluten sin lactosa pack de 6 briks de 200 ml.", "imagen_src": "https://static.carrefour.es/hd_350x_/img_pim_food/502881_00_1.jpg", "precio_peso": "1,66 \u20ac/l", "precio": "1,99 \u20ac", "oferta": "", "supermercado": "Carrefour"},
{"query": "Batido de chocolate", "nombre": "", "imagen_src": "https://static.carrefour.es/hd_350x_/img_pim_food/453710_00_1.jpg", "precio_peso": "", "precio": "", "oferta": "", "supermercado": "Carrefour"},
{"query": "Batido de chocolate", "nombre": "", "imagen_src": "https://static.carrefour.es/hd_350x_/img_pim_food/143142_00_1.jpg", "precio_peso": "", "precio": "", "oferta": "", "supermercado": "Carrefour"},
],
[
{"query": "Queso fresco Burgos", "nombre": "Queso fresco de Burgos Carrefour pack de 4 unidades de 62,5 g.", "imagen_src": "https://static.carrefour.es/hd_350x_/img_pim_food/624410_00_1.jpg", "precio_peso": "3,96 \u20ac/kg", "precio": "0,99 \u20ac", "oferta": "", "supermercado": "Carrefour"},
{"query": "Queso fresco Burgos", "nombre": "Queso fresco Original Burgo de Arias pack de 3 unidades de 72 g.", "imagen_src": "https://static.carrefour.es/hd_350x_/img_pim_food/020884_00_1.jpg", "precio_peso": "12,92 \u20ac/kg", "precio": "2,79 \u20ac", "oferta": "", "supermercado": "Carrefour"},
{"query": "Queso fresco Burgos", "nombre": "Queso fresco de Burgos Carrefour pack de 2 unidades de 250 g.", "imagen_src": "https://static.carrefour.es/hd_350x_/img_pim_food/624480_00_1.jpg", "precio_peso": "3,48 \u20ac/kg", "precio": "1,74 \u20ac", "oferta": "", "supermercado": "Carrefour"},
{"query": "Queso fresco Burgos", "nombre": "Queso fresco desnatado de Burgos Carrefour pack de 4 unidades de 62,5 g.", "imagen_src": "https://static.carrefour.es/hd_350x_/img_pim_food/706369_00_1.jpg", "precio_peso": "3,96 \u20ac/kg", "precio": "0,99 \u20ac", "oferta": "", "supermercado": "Carrefour"},
{"query": "Queso fresco Burgos", "nombre": "", "imagen_src": "https://static.carrefour.es/hd_350x_/img_pim_food/355442_00_1.jpg", "precio_peso": "", "precio": "1,74 \u20ac", "oferta": "", "supermercado": "Carrefour"},
{"query": "Queso fresco Burgos", "nombre": "", "imagen_src": "https://static.carrefour.es/hd_350x_/img_pim_food/706347_00_1.jpg", "precio_peso": "", "precio": "0,99 \u20ac", "oferta": "", "supermercado": "Carrefour"},
],
[
{"query": "Quesito", "nombre": "Queso fundido en porciones 250 g.", "imagen_src": "https://static.carrefour.es/hd_350x_/img_pim_food/203602_00_1.jpg", "precio_peso": "5,28 \u20ac/kg", "precio": "1,32 \u20ac", "oferta": "", "supermercado": "Carrefour"},
{"query": "Quesito", "nombre": "Queso fundido Light porciones 16 ud. Carrefour 250 g.", "imagen_src": "https://static.carrefour.es/hd_350x_/img_pim_food/316686_00_1.jpg", "precio_peso": "6,20 \u20ac/kg", "precio": "1,55 \u20ac", "oferta": "", "supermercado": "Carrefour"},
{"query": "Quesito", "nombre": "Queso fundido en porciones El Caserio 250 g.", "imagen_src": "https://static.carrefour.es/hd_350x_/img_pim_food/003153_00_1.jpg", "precio_peso": "8,68 \u20ac/kg", "precio": "2,17 \u20ac", "oferta": "", "supermercado": "Carrefour"},
{"query": "Quesito", "nombre": "Queso fundido en porciones light La Vaca Que Rie sin gluten 375 g.", "imagen_src": "https://static.carrefour.es/hd_350x_/img_pim_food/011464_00_1.jpg", "precio_peso": "10,14 \u20ac/kg", "precio": "3,75 \u20ac", "oferta": "", "supermercado": "Carrefour"},
{"query": "Quesito", "nombre": "", "imagen_src": "https://static.carrefour.es/hd_350x_/img_pim_food/003155_00_1.jpg", "precio_peso": "", "precio": "", "oferta": "", "supermercado": "Carrefour"},
{"query": "Quesito", "nombre": "", "imagen_src": "https://static.carrefour.es/hd_350x_/img_pim_food/793398_00_1.jpg", "precio_peso": "", "precio": "", "oferta": "", "supermercado": "Carrefour"},
],
[
{"query": "Queso en lonchas", "nombre": "Queso edam en lonchas Carrefour 200 g.", "imagen_src": "https://static.carrefour.es/hd_350x_/img_pim_food/559836_00_1.jpg", "precio_peso": "6,35 \u20ac/kg", "precio": "1,27 \u20ac", "oferta": "", "supermercado": "Carrefour"},
{"query": "Queso en lonchas", "nombre": "Queso fundido en lonchas Carrefour 400 g.", "imagen_src": "https://static.carrefour.es/hd_350x_/img_pim_food/519609_00_1.jpg", "precio_peso": "4,37 \u20ac/kg", "precio": "1,75 \u20ac", "oferta": "", "supermercado": "Carrefour"},
{"query": "Queso en lonchas", "nombre": "Queso tierno en lonchas Carrefour 200 g.", "imagen_src": "https://static.carrefour.es/hd_350x_/img_pim_food/424955_00_1.jpg", "precio_peso": "8,10 \u20ac/kg", "precio": "1,62 \u20ac", "oferta": "", "supermercado": "Carrefour"},
{"query": "Queso en lonchas", "nombre": "Queso en lonchas semicurado Navidul 80 g.", "imagen_src": "https://static.carrefour.es/hd_350x_/img_pim_food/887166_00_1.jpg", "precio_peso": "12,50 \u20ac/kg", "precio": "1 \u20ac", "oferta": "", "supermercado": "Carrefour"},
{"query": "Queso en lonchas", "nombre": "", "imagen_src": "https://static.carrefour.es/hd_350x_/img_pim_food/695537_00_1.jpg", "precio_peso": "", "precio": "1,80 \u20ac", "oferta": "", "supermercado": "Carrefour"},
{"query": "Queso en lonchas", "nombre": "", "imagen_src": "https://static.carrefour.es/hd_350x_/img_pim_food/695564_00_1.jpg", "precio_peso": "", "precio": "1,75 \u20ac", "oferta": "", "supermercado": "Carrefour"},
],
[
{"query": "Queso tierno", "nombre": "Queso de mezcla tierno Granja la Luz 500 g aprox", "imagen_src": "https://static.carrefour.es/hd_350x_/img_pim_food/676687_00_1.jpg", "precio_peso": "8,95 \u20ac/kg", "precio": "4,47 \u20ac", "oferta": "", "supermercado": "Carrefour"},
{"query": "Queso tierno", "nombre": "Queso tierno en lonchas Carrefour 200 g.", "imagen_src": "https://static.carrefour.es/hd_350x_/img_pim_food/424955_00_1.jpg", "precio_peso": "8,10 \u20ac/kg", "precio": "1,62 \u20ac", "oferta": "", "supermercado": "Carrefour"},
{"query": "Queso tierno", "nombre": "Queso de vaca tierno 200 g.", "imagen_src": "https://static.carrefour.es/hd_350x_/img_pim_food/822371_00_1.jpg", "precio_peso": "7,75 \u20ac/kg", "precio": "1,55 \u20ac", "oferta": "", "supermercado": "Carrefour"},
{"query": "Queso tierno", "nombre": "Queso de mezcla tierno Carrefour Classic cuna cortada de 250 g", "imagen_src": "https://static.carrefour.es/hd_350x_/img_pim_food/685155_00_1.jpg", "precio_peso": "8,76 \u20ac/kg", "precio": "2,19 \u20ac", "oferta": "", "supermercado": "Carrefour"},
{"query": "Queso tierno", "nombre": "", "imagen_src": "https://static.carrefour.es/hd_350x_/img_pim_food/682048_00_1.jpg", "precio_peso": "", "precio": "6,19 \u20ac", "oferta": "", "supermercado": "Carrefour"},
{"query": "Queso tierno", "nombre": "", "imagen_src": "https://static.carrefour.es/hd_350x_/img_pim_food/678292_00_1.jpg", "precio_peso": "", "precio": "4,99 \u20ac", "oferta": "", "supermercado": "Carrefour"},
],
[
{"query": "Queso semicurado", "nombre": "Queso de mezcla semicurado Carrefour 900 g", "imagen_src": "https://static.carrefour.es/hd_350x_/img_pim_food/682144_00_1.jpg", "precio_peso": "7,17 \u20ac/kg", "precio": "6,45 \u20ac", "oferta": "", "supermercado": "Carrefour"},
{"query": "Queso semicurado", "nombre": "Queso de mezcla semicurado Gran Capitan cuna cortada de 230 g aprox", "imagen_src": "https://static.carrefour.es/hd_350x_/img_pim_food/712294_00_1.jpg", "precio_peso": "23,26 \u20ac/kg", "precio": "5,35 \u20ac", "oferta": "", "supermercado": "Carrefour"},
{"query": "Queso semicurado", "nombre": "Queso semicurado mezcla Garcia Baquero cuna 1/8, 420 g aprox", "imagen_src": "https://static.carrefour.es/hd_350x_/img_pim_food/675556_00_1.jpg", "precio_peso": "14,95 \u20ac/kg", "precio": "6,28 \u20ac", "oferta": "", "supermercado": "Carrefour"},
{"query": "Queso semicurado", "nombre": "Queso iberico de mezcla semicurado Calidad y Origen Carrefour cuna cortada de 250 g", "imagen_src": "https://static.carrefour.es/hd_350x_/img_pim_food/686930_00_1.jpg", "precio_peso": "13,60 \u20ac/kg", "precio": "3,40 \u20ac", "oferta": "", "supermercado": "Carrefour"},
{"query": "Queso semicurado", "nombre": "", "imagen_src": "https://static.carrefour.es/hd_350x_/img_pim_food/681551_00_1.jpg", "precio_peso": "", "precio": "", "oferta": "", "supermercado": "Carrefour"},
{"query": "Queso semicurado", "nombre": "", "imagen_src": "https://static.carrefour.es/hd_350x_/img_pim_food/688630_00_1.jpg", "precio_peso": "", "precio": "", "oferta": "", "supermercado": "Carrefour"},
],
[
{"query": "Queso curado", "nombre": "Queso de mezcla curado Granja de la Luz cuna de 400 g aprox", "imagen_src": "https://static.carrefour.es/hd_350x_/img_pim_food/676659_00_1.jpg", "precio_peso": "10,90 \u20ac/kg", "precio": "4,36 \u20ac", "oferta": "", "supermercado": "Carrefour"},
{"query": "Queso curado", "nombre": "Queso de mezcla curado Carrefour cuna de 500 g aprox", "imagen_src": "https://static.carrefour.es/hd_350x_/img_pim_food/675392_00_1.jpg", "precio_peso": "7,97 \u20ac/kg", "precio": "3,98 \u20ac", "oferta": "", "supermercado": "Carrefour"},
{"query": "Queso curado", "nombre": "Queso de mezcla curado Granja de la Luz cuna de 500 g aprox", "imagen_src": "https://static.carrefour.es/hd_350x_/img_pim_food/677015_00_1.jpg", "precio_peso": "9,95 \u20ac/kg", "precio": "4,97 \u20ac", "oferta": "", "supermercado": "Carrefour"},
{"query": "Queso curado", "nombre": "Queso de oveja curado puro mini Carrefour pieza de 1,19 kg aprox", "imagen_src": "https://static.carrefour.es/hd_350x_/img_pim_food/682132_00_1.jpg", "precio_peso": "8,40 \u20ac/kg", "precio": "10 \u20ac", "oferta": "", "supermercado": "Carrefour"},
{"query": "Queso curado", "nombre": "", "imagen_src": "https://static.carrefour.es/hd_350x_/img_pim_food/674160_00_1.jpg", "precio_peso": "", "precio": "7,97 \u20ac", "oferta": "", "supermercado": "Carrefour"},
{"query": "Queso curado", "nombre": "", "imagen_src": "https://static.carrefour.es/hd_350x_/img_pim_food/685156_00_1.jpg", "precio_peso": "", "precio": "2,95 \u20ac", "oferta": "", "supermercado": "Carrefour"},
],
[
{"query": "Queso crema", "nombre": "Crema de queso de untar natural Philadelphia pack de 2 unidades de 250 g.", "imagen_src": "https://static.carrefour.es/hd_350x_/img_pim_food/084438_00_1.jpg", "precio_peso": "9,20 \u20ac/kg", "precio": "4,60 \u20ac", "oferta": "", "supermercado": "Carrefour"},
{"query": "Queso crema", "nombre": "Crema de queso de untar light Philadelphia pack de 2 unidades de 250 g.", "imagen_src": "https://static.carrefour.es/hd_350x_/img_pim_food/084427_00_1.jpg", "precio_peso": "9,20 \u20ac/kg", "precio": "4,60 \u20ac", "oferta": "", "supermercado": "Carrefour"},
{"query": "Queso crema", "nombre": "Crema de queso Original Philadelphia 350 g.", "imagen_src": "https://static.carrefour.es/hd_350x_/img_pim_food/409343_00_1.jpg", "precio_peso": "9,11 \u20ac/kg", "precio": "3,19 \u20ac", "oferta": "", "supermercado": "Carrefour"},
{"query": "Queso crema", "nombre": "Crema de queso semicurado Carrefour Extra sin gluten 125 g.", "imagen_src": "https://static.carrefour.es/hd_350x_/img_pim_food/546301_00_1.jpg", "precio_peso": "7,92 \u20ac/kg", "precio": "0,99 \u20ac", "oferta": "", "supermercado": "Carrefour"},
{"query": "Queso crema", "nombre": "", "imagen_src": "https://static.carrefour.es/hd_350x_/img_pim_food/549840_00_1.jpg", "precio_peso": "", "precio": "", "oferta": "", "supermercado": "Carrefour"},
{"query": "Queso crema", "nombre": "", "imagen_src": "https://static.carrefour.es/hd_350x_/img_pim_food/409379_00_1.jpg", "precio_peso": "", "precio": "", "oferta": "", "supermercado": "Carrefour"},
],
[
{"query": "Queso crema light", "nombre": "Crema de queso de untar light Philadelphia pack de 2 unidades de 250 g.", "imagen_src": "https://static.carrefour.es/hd_350x_/img_pim_food/084427_00_1.jpg", "precio_peso": "9,20 \u20ac/kg", "precio": "4,60 \u20ac", "oferta": "", "supermercado": "Carrefour"},
{"query": "Queso crema light", "nombre": "Crema de queso light Philadelphia 350 g.", "imagen_src": "https://static.carrefour.es/hd_350x_/img_pim_food/409338_00_1.jpg", "precio_peso": "9,11 \u20ac/kg", "precio": "3,19 \u20ac", "oferta": "", "supermercado": "Carrefour"},
],
[
{"query": "Queso emmental", "nombre": "Queso emmental Carrefour 200 g.", "imagen_src": "https://static.carrefour.es/hd_350x_/img_pim_food/695557_00_1.jpg", "precio_peso": "9,95 \u20ac/kg", "precio": "1,99 \u20ac", "oferta": "", "supermercado": "Carrefour"},
{"query": "Queso emmental", "nombre": "Queso emmental taco Carrefour 250 g", "imagen_src": "https://static.carrefour.es/hd_350x_/img_pim_food/681470_00_1.jpg", "precio_peso": "9,20 \u20ac/kg", "precio": "2,30 \u20ac", "oferta": "", "supermercado": "Carrefour"},
{"query": "Queso emmental", "nombre": "Queso emmental bloque President 250 g", "imagen_src": "https://static.carrefour.es/hd_350x_/img_pim_food/685698_00_1.jpg", "precio_peso": "14,40 \u20ac/kg", "precio": "3,60 \u20ac", "oferta": "", "supermercado": "Carrefour"},
{"query": "Queso emmental", "nombre": "Queso rallado emmental Carrefour sin lactosa 150 g.", "imagen_src": "https://static.carrefour.es/hd_350x_/img_pim_food/196767_00_1.jpg", "precio_peso": "12,60 \u20ac/kg", "precio": "1,89 \u20ac", "oferta": "", "supermercado": "Carrefour"},
{"query": "Queso emmental", "nombre": "", "imagen_src": "https://static.carrefour.es/hd_350x_/img_pim_food/873940_00_1.jpg", "precio_peso": "", "precio": "1,99 \u20ac", "oferta": "", "supermercado": "Carrefour"},
{"query": "Queso emmental", "nombre": "", "imagen_src": "https://static.carrefour.es/hd_350x_/img_pim_food/900910_00_1.jpg", "precio_peso": "", "precio": "2,99 \u20ac", "oferta": "", "supermercado": "Carrefour"},
],
[
{"query": "Queso mozzarela", "nombre": "Queso mozzarella en lonchas Carrefour 200 g.", "imagen_src": "https://static.carrefour.es/hd_350x_/img_pim_food/695564_00_1.jpg", "precio_peso": "8,75 \u20ac/kg", "precio": "1,75 \u20ac", "oferta": "", "supermercado": "Carrefour"},
{"query": "Queso mozzarela", "nombre": "Queso mozzarella fresca Toscanella Asturiana 100 g.", "imagen_src": "https://static.carrefour.es/hd_350x_/img_pim_food/617717_00_1.jpg", "precio_peso": "12,10 \u20ac/kg", "precio": "1,21 \u20ac", "oferta": "", "supermercado": "Carrefour"},
{"query": "Queso mozzarela", "nombre": "Queso mozzarella Italiana Carrefour 125 g.", "imagen_src": "https://static.carrefour.es/hd_350x_/img_pim_food/510743_00_1.jpg", "precio_peso": "7,04 \u20ac/kg", "precio": "0,88 \u20ac", "oferta": "", "supermercado": "Carrefour"},
{"query": "Queso mozzarela", "nombre": "Queso mozzarella Italiana Galbani 125 g.", "imagen_src": "https://static.carrefour.es/hd_350x_/img_pim_food/066871_00_1.jpg", "precio_peso": "15,92 \u20ac/kg", "precio": "1,99 \u20ac", "oferta": "", "supermercado": "Carrefour"},
{"query": "Queso mozzarela", "nombre": "", "imagen_src": "https://static.carrefour.es/hd_350x_/img_pim_food/074917_00_1.jpg", "precio_peso": "", "precio": "2,95 \u20ac", "oferta": "", "supermercado": "Carrefour"},
{"query": "Queso mozzarela", "nombre": "", "imagen_src": "https://static.carrefour.es/hd_350x_/img_pim_food/571568_00_1.jpg", "precio_peso": "", "precio": "1,99 \u20ac", "oferta": "", "supermercado": "Carrefour"},
],
[
{"query": "Queso edam", "nombre": "Queso edam en lonchas Carrefour 200 g.", "imagen_src": "https://static.carrefour.es/hd_350x_/img_pim_food/559836_00_1.jpg", "precio_peso": "6,35 \u20ac/kg", "precio": "1,27 \u20ac", "oferta": "", "supermercado": "Carrefour"},
{"query": "Queso edam", "nombre": "Queso de vaca tierno Edam de bola Juan Luna pieza de 400 g aprox", "imagen_src": "https://static.carrefour.es/hd_350x_/img_pim_food/674273_00_1.jpg", "precio_peso": "11,70 \u20ac/kg", "precio": "4,68 \u20ac", "oferta": "", "supermercado": "Carrefour"},
{"query": "Queso edam", "nombre": "Queso de vaca tierno edam Carrefour 350 g aprox", "imagen_src": "https://static.carrefour.es/hd_350x_/img_pim_food/673669_00_1.jpg", "precio_peso": "7,35 \u20ac/kg", "precio": "2,57 \u20ac", "oferta": "", "supermercado": "Carrefour"},
{"query": "Queso edam", "nombre": "Queso edam en lonchas ecologico Millan Vicente 125 g.", "imagen_src": "https://static.carrefour.es/hd_350x_/img_pim_food/215858_00_1.jpg", "precio_peso": "19,92 \u20ac/kg", "precio": "2,49 \u20ac", "oferta": "", "supermercado": "Carrefour"},
],
[
{"query": "Helado de nata ", "nombre": "Helado de nata y chocolate con trocitos de galletas Cookies & Cream Carte D'Or 900 ml.", "imagen_src": "https://static.carrefour.es/hd_350x_/img_pim_food/632059_00_1.jpg", "precio_peso": "4,28 \u20ac/l", "precio": "3,85 \u20ac", "oferta": "", "supermercado": "Carrefour"},
{"query": "Helado de nata ", "nombre": "Helado de nata y al cacao sabor galleta con trocitos de galleta al cacao Sensation Carrefour 1000 ml.", "imagen_src": "https://static.carrefour.es/hd_350x_/img_pim_food/728317_00_1.jpg", "precio_peso": "4,08 \u20ac/kg", "precio": "2,45 \u20ac", "oferta": "", "supermercado": "Carrefour"},
{"query": "Helado de nata ", "nombre": "Tarta helada laminada de nata Comtessa XXL Frigo 500 g.", "imagen_src": "https://static.carrefour.es/hd_350x_/img_pim_food/088888_00_1.jpg", "precio_peso": "8,38 \u20ac/kg", "precio": "4,19 \u20ac", "oferta": "", "supermercado": "Carrefour"},
{"query": "Helado de nata ", "nombre": "Conos con helado de nata Cornetto mini classico Frigo 6 ud.", "imagen_src": "https://static.carrefour.es/hd_350x_/img_pim_food/768615_00_1.jpg", "precio_peso": "0,61 \u20ac/ud", "precio": "3,69 \u20ac", "oferta": "", "supermercado": "Carrefour"},
{"query": "Helado de nata ", "nombre": "", "imagen_src": "https://static.carrefour.es/hd_350x_/img_pim_food/848542_00_1.jpg", "precio_peso": "", "precio": "", "oferta": "", "supermercado": "Carrefour"},
{"query": "Helado de nata ", "nombre": "", "imagen_src": "https://static.carrefour.es/hd_350x_/img_pim_food/364620_00_1.jpg", "precio_peso": "", "precio": "", "oferta": "", "supermercado": "Carrefour"},
],
[
{"query": "Galleta digestiva", "nombre": "Galletas Digestive Original Fontaneda 700 g.", "imagen_src": "https://static.carrefour.es/hd_350x_/img_pim_food/395930_00_1.jpg", "precio_peso": "4,71 \u20ac/kg", "precio": "3,30 \u20ac", "oferta": "", "supermercado": "Carrefour"},
{"query": "Galleta digestiva", "nombre": "Galletas con avena Digestive Avenacol Cuetara 300 g.", "imagen_src": "https://static.carrefour.es/hd_350x_/img_pim_food/899489_00_1.jpg", "precio_peso": "12,30 \u20ac/kg", "precio": "3,69 \u20ac", "oferta": "", "supermercado": "Carrefour"},
{"query": "Galleta digestiva", "nombre": "Galletas avena choco Digestive Gullon 425 g.", "imagen_src": "https://static.carrefour.es/hd_350x_/img_pim_food/150529_00_1.jpg", "precio_peso": "4,35 \u20ac/kg", "precio": "1,85 \u20ac", "oferta": "", "supermercado": "Carrefour"},
{"query": "Galleta digestiva", "nombre": "Galletas Digestive Sensation Carrefour sin aceite de palma 800 g.", "imagen_src": "https://static.carrefour.es/hd_350x_/img_pim_food/357073_00_1.jpg", "precio_peso": "2,11 \u20ac/kg", "precio": "1,69 \u20ac", "oferta": "", "supermercado": "Carrefour"},
{"query": "Galleta digestiva", "nombre": "", "imagen_src": "https://static.carrefour.es/hd_350x_/img_pim_food/813529_00_1.jpg", "precio_peso": "", "precio": "", "oferta": "", "supermercado": "Carrefour"},
{"query": "Galleta digestiva", "nombre": "", "imagen_src": "https://static.carrefour.es/hd_350x_/img_pim_food/717751_00_1.jpg", "precio_peso": "", "precio": "", "oferta": "", "supermercado": "Carrefour"},
],
[
{"query": "Galleta integral", "nombre": "Galletas integrales Maria Carrefour Classic 800 g.", "imagen_src": "https://static.carrefour.es/hd_350x_/img_pim_food/929652_00_1.jpg", "precio_peso": "2,11 \u20ac/kg", "precio": "1,69 \u20ac", "oferta": "", "supermercado": "Carrefour"},
{"query": "Galleta integral", "nombre": "Galleta integral con cererales Carrefour 300 g.", "imagen_src": "https://static.carrefour.es/hd_350x_/img_pim_food/601153_00_1.jpg", "precio_peso": "3,30 \u20ac/kg", "precio": "0,99 \u20ac", "oferta": "", "supermercado": "Carrefour"},
{"query": "Galleta integral", "nombre": "Galletas Maria integral Gullon 600 g.", "imagen_src": "https://static.carrefour.es/hd_350x_/img_pim_food/398833_00_1.jpg", "precio_peso": "5,08 \u20ac/kg", "precio": "3,05 \u20ac", "oferta": "", "supermercado": "Carrefour"},
{"query": "Galleta integral", "nombre": "Galletas integrales MarieLu Fontaneda 520 g.", "imagen_src": "https://static.carrefour.es/hd_350x_/img_pim_food/499916_00_1.jpg", "precio_peso": "4,60 \u20ac/kg", "precio": "2,39 \u20ac", "oferta": "", "supermercado": "Carrefour"},
{"query": "Galleta integral", "nombre": "", "imagen_src": "https://static.carrefour.es/hd_350x_/img_pim_food/526955_00_1.jpg", "precio_peso": "", "precio": "3,09 \u20ac", "oferta": "", "supermercado": "Carrefour"},
{"query": "Galleta integral", "nombre": "", "imagen_src": "https://static.carrefour.es/hd_350x_/img_pim_food/455023_00_1.jpg", "precio_peso": "", "precio": "1,94 \u20ac", "oferta": "", "supermercado": "Carrefour"},
],
[
{"query": "Cereales ", "nombre": "Cereales crujientes con chocolate Muesli Carrefour 750 g.", "imagen_src": "https://static.carrefour.es/hd_350x_/img_pim_food/153298_00_1.jpg", "precio_peso": "3,40 \u20ac/kg", "precio": "2,55 \u20ac", "oferta": "", "supermercado": "Carrefour"},
{"query": "Cereales ", "nombre": "Cereales de arroz inflado Choco Rice Carrefour Classic 500 g.", "imagen_src": "https://static.carrefour.es/hd_350x_/img_pim_food/598241_00_1.jpg", "precio_peso": "3,10 \u20ac/kg", "precio": "1,55 \u20ac", "oferta": "", "supermercado": "Carrefour"},
{"query": "Cereales ", "nombre": "Cereales integrales de chocolate Chocapic Nestle 750 g.", "imagen_src": "https://static.carrefour.es/hd_350x_/img_pim_food/796103_00_1.jpg", "precio_peso": "5,32 \u20ac/kg", "precio": "3,99 \u20ac", "oferta": "", "supermercado": "Carrefour"},
{"query": "Cereales ", "nombre": "Cereales con chocolate Stylesse Carrefour 500 g.", "imagen_src": "https://static.carrefour.es/hd_350x_/img_pim_food/166226_00_1.jpg", "precio_peso": "4,18 \u20ac/kg", "precio": "2,09 \u20ac", "oferta": "", "supermercado": "Carrefour"},
{"query": "Cereales ", "nombre": "", "imagen_src": "https://static.carrefour.es/hd_350x_/img_pim_food/507244_00_1.jpg", "precio_peso": "", "precio": "", "oferta": "", "supermercado": "Carrefour"},
{"query": "Cereales ", "nombre": "", "imagen_src": "https://static.carrefour.es/hd_350x_/img_pim_food/559238_00_1.jpg", "precio_peso": "", "precio": "", "oferta": "", "supermercado": "Carrefour"},
],
[
{"query": "Barrita de cereales", "nombre": "Barritas de cereales con chocolate negro sin azucares anadidos Carrefour Classic 132 g.", "imagen_src": "https://static.carrefour.es/hd_350x_/img_pim_food/465591_00_1.jpg", "precio_peso": "7,50 \u20ac/kg", "precio": "0,99 \u20ac", "oferta": "", "supermercado": "Carrefour"},
{"query": "Barrita de cereales", "nombre": "Barritas de cereales con chocolate con leche y coco Carrefour 6 unidades de 20,83 g.", "imagen_src": "https://static.carrefour.es/hd_350x_/img_pim_food/841945_00_1.jpg", "precio_peso": "7,92 \u20ac/kg", "precio": "0,99 \u20ac", "oferta": "", "supermercado": "Carrefour"},
{"query": "Barrita de cereales", "nombre": "Barritas de cereales con albaricoque Carrefour 125 g.", "imagen_src": "https://static.carrefour.es/hd_350x_/img_pim_food/912952_00_1.jpg", "precio_peso": "8,40 \u20ac/kg", "precio": "1,05 \u20ac", "oferta": "", "supermercado": "Carrefour"},
{"query": "Barrita de cereales", "nombre": "Barritas de cereales con frutos rojos Carrefour 126 g.", "imagen_src": "https://static.carrefour.es/hd_350x_/img_pim_food/284376_00_1.jpg", "precio_peso": "11,59 \u20ac/kg", "precio": "1,46 \u20ac", "oferta": "", "supermercado": "Carrefour"},
{"query": "Barrita de cereales", "nombre": "", "imagen_src": "https://static.carrefour.es/hd_350x_/img_pim_food/470365_00_1.jpg", "precio_peso": "", "precio": "", "oferta": "", "supermercado": "Carrefour"},
{"query": "Barrita de cereales", "nombre": "", "imagen_src": "https://static.carrefour.es/hd_350x_/img_pim_food/953119_00_1.jpg", "precio_peso": "", "precio": "", "oferta": "", "supermercado": "Carrefour"},
],
[
{"query": "Pan blanco ", "nombre": "Pan de molde blanco rebanada gruesa Warburtons 800 g.", "imagen_src": "https://static.carrefour.es/hd_350x_/img_pim_food/924698_00_1.jpg", "precio_peso": "5,49 \u20ac/kg", "precio": "4,39 \u20ac", "oferta": "", "supermercado": "Carrefour"},
{"query": "Pan blanco ", "nombre": "Pan de molde blanco mediano Warburtons 800 g.", "imagen_src": "https://static.carrefour.es/hd_350x_/img_pim_food/924700_00_1.jpg", "precio_peso": "5,49 \u20ac/kg", "precio": "4,39 \u20ac", "oferta": "", "supermercado": "Carrefour"},
{"query": "Pan blanco ", "nombre": "Pan de molde blanco Clasic Carrefour No Gluten sin gluten 400 g.", "imagen_src": "https://static.carrefour.es/hd_350x_/img_pim_food/551373_00_1.jpg", "precio_peso": "6,72 \u20ac/kg", "precio": "2,69 \u20ac", "oferta": "", "supermercado": "Carrefour"},
{"query": "Pan blanco ", "nombre": "Galletas de chocolate Pan di Stelle Mulino Blanco sin aceite de palma 350 g.", "imagen_src": "https://static.carrefour.es/hd_350x_/img_pim_food/971412_00_1.jpg", "precio_peso": "11,11 \u20ac/kg", "precio": "3,89 \u20ac", "oferta": "", "supermercado": "Carrefour"},
{"query": "Pan blanco ", "nombre": "", "imagen_src": "https://static.carrefour.es/hd_350x_/imagenes/products/30453/86381/494/3045386381494/imagenGrande1.jpg", "precio_peso": "", "precio": "", "oferta": "", "supermercado": "Carrefour"},
{"query": "Pan blanco ", "nombre": "", "imagen_src": "https://static.carrefour.es/hd_350x_/imagenes/products/48200/96558/324/4820096558324/imagenGrande1.jpg", "precio_peso": "", "precio": "", "oferta": "", "supermercado": "Carrefour"},
],
[
{"query": "Pan r\u00fastico", "nombre": "Pan de molde rustico 600 g", "imagen_src": "https://static.carrefour.es/hd_350x_/img_pim_food/688260_00_1.jpg", "precio_peso": "3,75 \u20ac/kg", "precio": "2,25 \u20ac", "oferta": "", "supermercado": "Carrefour"},
{"query": "Pan r\u00fastico", "nombre": "Pan de molde rustico 0% azucares anadidos y solo con aceite de oliva Panrico sin lactosa 375 g.", "imagen_src": "https://static.carrefour.es/hd_350x_/img_pim_food/014689_00_1.jpg", "precio_peso": "7,44 \u20ac/kg", "precio": "2,79 \u20ac", "oferta": "", "supermercado": "Carrefour"},
{"query": "Pan r\u00fastico", "nombre": "Pan rustic con aceite de oliva Andres sin lactosa 140 g.", "imagen_src": "https://static.carrefour.es/hd_350x_/img_pim_food/971324_00_1.jpg", "precio_peso": "10,79 \u20ac/kg", "precio": "1,51 \u20ac", "oferta": "", "supermercado": "Carrefour"},
{"query": "Pan r\u00fastico", "nombre": "Pan de chapata rustica Recondo 180 g.", "imagen_src": "https://static.carrefour.es/hd_350x_/img_pim_food/501453_00_1.jpg", "precio_peso": "11,61 \u20ac/kg", "precio": "2,09 \u20ac", "oferta": "", "supermercado": "Carrefour"},
{"query": "Pan r\u00fastico", "nombre": "", "imagen_src": "https://static.carrefour.es/hd_350x_/img_pim_food/351043_00_1.jpg", "precio_peso": "", "precio": "", "oferta": "", "supermercado": "Carrefour"},
{"query": "Pan r\u00fastico", "nombre": "", "imagen_src": "https://static.carrefour.es/hd_350x_/img_pim_food/067400_00_1.jpg", "precio_peso": "", "precio": "", "oferta": "", "supermercado": "Carrefour"},
],
[
{"query": "Pan de molde", "nombre": "Pan de molde con corteza Carrefour 820 g.", "imagen_src": "https://static.carrefour.es/hd_350x_/img_pim_food/443145_00_1.jpg", "precio_peso": "1,59 \u20ac/kg", "precio": "1,30 \u20ac", "oferta": "", "supermercado": "Carrefour"},
{"query": "Pan de molde", "nombre": "Pan de molde sin corteza Bimbo 450 g.", "imagen_src": "https://static.carrefour.es/hd_350x_/img_pim_food/367981_00_1.jpg", "precio_peso": "5,09 \u20ac/kg", "precio": "2,29 \u20ac", "oferta": "", "supermercado": "Carrefour"},
{"query": "Pan de molde", "nombre": "Pan de molde familiar Bimbo 700 g.", "imagen_src": "https://static.carrefour.es/hd_350x_/img_pim_food/377878_00_1.jpg", "precio_peso": "3 \u20ac/kg", "precio": "2,10 \u20ac", "oferta": "", "supermercado": "Carrefour"},
{"query": "Pan de molde", "nombre": "Pan de molde sin corteza Natural 100% Bimbo sin lactosa 450 g.", "imagen_src": "https://static.carrefour.es/hd_350x_/img_pim_food/335649_00_1.jpg", "precio_peso": "5,98 \u20ac/kg", "precio": "2,69 \u20ac", "oferta": "", "supermercado": "Carrefour"},
{"query": "Pan de molde", "nombre": "", "imagen_src": "https://static.carrefour.es/hd_350x_/img_pim_food/513002_00_1.jpg", "precio_peso": "", "precio": "", "oferta": "", "supermercado": "Carrefour"},
{"query": "Pan de molde", "nombre": "", "imagen_src": "https://static.carrefour.es/hd_350x_/img_pim_food/391434_00_1.jpg", "precio_peso": "", "precio": "", "oferta": "", "supermercado": "Carrefour"},
],
[
{"query": "Pan Hotdog", "nombre": "Panecillos para perritos Bimbo 330 g.", "imagen_src": "https://static.carrefour.es/hd_350x_/img_pim_food/002805_00_1.jpg", "precio_peso": "4,82 \u20ac/kg", "precio": "1,59 \u20ac", "oferta": "", "supermercado": "Carrefour"},
{"query": "Pan Hotdog", "nombre": "Hot dog Classic' Carrefour 330 g.", "imagen_src": "https://static.carrefour.es/hd_350x_/img_pim_food/288756_00_1.jpg", "precio_peso": "2,73 \u20ac/kg", "precio": "0,90 \u20ac", "oferta": "", "supermercado": "Carrefour"},
{"query": "Pan Hotdog", "nombre": "Pan de perrito Nutrifree sin gluten sin lactosa 65 g.", "imagen_src": "https://static.carrefour.es/hd_350x_/img_pim_food/457039_00_1.jpg", "precio_peso": "46 \u20ac/kg", "precio": "2,99 \u20ac", "oferta": "", "supermercado": "Carrefour"},
{"query": "Pan Hotdog", "nombre": "Pan de perrito 6 ud 330 g", "imagen_src": "https://static.carrefour.es/hd_350x_/img_pim_food/192259_00_1.jpg", "precio_peso": "5,42 \u20ac/kg", "precio": "1,79 \u20ac", "oferta": "", "supermercado": "Carrefour"},
],
[
{"query": "Arroz", "nombre": "Arroz categoria primera Carrefour 1 kg.", "imagen_src": "https://static.carrefour.es/hd_350x_/img_pim_food/101424_00_1.jpg", "precio_peso": "0,95 \u20ac/kg", "precio": "0,95 \u20ac", "oferta": "", "supermercado": "Carrefour"},
{"query": "Arroz", "nombre": "Arroz largo categoria primera Carrefour 1 kg.", "imagen_src": "https://static.carrefour.es/hd_350x_/img_pim_food/197726_00_1.jpg", "precio_peso": "0,99 \u20ac/kg", "precio": "0,99 \u20ac", "oferta": "", "supermercado": "Carrefour"},
{"query": "Arroz", "nombre": "Arroz redondo Sos 1 kg.", "imagen_src": "https://static.carrefour.es/hd_350x_/img_pim_food/002277_00_1.jpg", "precio_peso": "1,64 \u20ac/kg", "precio": "1,64 \u20ac", "oferta": "", "supermercado": "Carrefour"},
{"query": "Arroz", "nombre": "Arroz redondo para microondas Brillante pack de 2 ud. de 125 g.", "imagen_src": "https://static.carrefour.es/hd_350x_/img_pim_food/737039_00_1.jpg", "precio_peso": "3,96 \u20ac/kg", "precio": "0,99 \u20ac", "oferta": "", "supermercado": "Carrefour"},
{"query": "Arroz", "nombre": "", "imagen_src": "https://static.carrefour.es/hd_350x_/img_pim_food/449472_00_1.jpg", "precio_peso": "", "precio": "", "oferta": "", "supermercado": "Carrefour"},
{"query": "Arroz", "nombre": "", "imagen_src": "https://static.carrefour.es/hd_350x_/img_pim_food/013185_00_1.jpg", "precio_peso": "", "precio": "", "oferta": "", "supermercado": "Carrefour"},
],
[
{"query": "Harina de trigo", "nombre": "Harina de trigo Carrefour 1 kg.", "imagen_src": "https://static.carrefour.es/hd_350x_/img_pim_food/197567_00_1.jpg", "precio_peso": "0,75 \u20ac/kg", "precio": "0,75 \u20ac", "oferta": "", "supermercado": "Carrefour"},
{"query": "Harina de trigo", "nombre": "Harina de trigo Carrefour 2 kg.", "imagen_src": "https://static.carrefour.es/hd_350x_/img_pim_food/835041_00_1.jpg", "precio_peso": "0,73 \u20ac/kg", "precio": "1,47 \u20ac", "oferta": "", "supermercado": "Carrefour"},
{"query": "Harina de trigo", "nombre": "Harina de trigo de fuerza Carrefour 1 kg.", "imagen_src": "https://static.carrefour.es/hd_350x_/img_pim_food/835024_00_1.jpg", "precio_peso": "0,94 \u20ac/kg", "precio": "0,94 \u20ac", "oferta": "", "supermercado": "Carrefour"},
{"query": "Harina de trigo", "nombre": "Harina de trigo Gallo 1 kg.", "imagen_src": "https://static.carrefour.es/hd_350x_/img_pim_food/002267_00_1.jpg", "precio_peso": "1,47 \u20ac/kg", "precio": "1,47 \u20ac", "oferta": "", "supermercado": "Carrefour"},
{"query": "Harina de trigo", "nombre": "", "imagen_src": "https://static.carrefour.es/hd_350x_/img_pim_food/066544_00_1.jpg", "precio_peso": "1,99 \u20ac/kg", "precio": "1,99 \u20ac", "oferta": "", "supermercado": "Carrefour"},
{"query": "Harina de trigo", "nombre": "", "imagen_src": "https://static.carrefour.es/hd_350x_/img_pim_food/435907_00_1.jpg", "precio_peso": "0,99 \u20ac/kg", "precio": "0,99 \u20ac", "oferta": "", "supermercado": "Carrefour"},
],
[
],
[
{"query": "S\u00e9mola de trigo seca", "nombre": "Bolsa Aspirador 5 U Solac-fag - Tecnhogar - 915674..", "imagen_src": "https://static.carrefour.es/hd_350x_/imagenes/products/84210/29156/745/8421029156745/imagenGrande1.jpg", "precio_peso": "", "precio": "9,76 \u20ac", "oferta": "", "supermercado": "Carrefour"},
{"query": "S\u00e9mola de trigo seca", "nombre": "Aspirador sin bolsa Solac AS3266", "imagen_src": "https://static.carrefour.es/hd_350x_/crs/cdn_static/catalog/hd/757590_00_1.jpg", "precio_peso": "", "precio": "129 \u20ac", "oferta": "", "supermercado": "Carrefour"},
{"query": "S\u00e9mola de trigo seca", "nombre": "Aspirador sin Bolsa Solac Multicyclonic AS3252", "imagen_src": "https://static.carrefour.es/hd_350x_/crs/cdn_static/catalog/hd/121653_00_1.jpg", "precio_peso": "", "precio": "97,65 \u20ac", "oferta": "", "supermercado": "Carrefour"},
{"query": "S\u00e9mola de trigo seca", "nombre": "Aspirador sin bolsa Solac AS3102 Brave", "imagen_src": "https://static.carrefour.es/hd_350x_/crs/cdn_static/catalog/hd/131820_00_1.jpg", "precio_peso": "", "precio": "99 \u20ac", "oferta": "", "supermercado": "Carrefour"},
{"query": "S\u00e9mola de trigo seca", "nombre": "Aspirador Solac Enara 600 W-as3103 Sin Bolsa - 600 W - Clase Energetica: Aaa - Negro Y Naranja", "imagen_src": "https://static.carrefour.es/hd_350x_/imagenes/products/84337/66481/035/8433766481035/imagenGrande1.jpg", "precio_peso": "", "precio": "74,19 \u20ac", "oferta": "", "supermercado": "Carrefour"},
{"query": "S\u00e9mola de trigo seca", "nombre": "Aspirador sin Bolsa Solac AS3192", "imagen_src": "https://static.carrefour.es/hd_350x_/crs/cdn_static/catalog/hd/895530_00_1.jpg", "precio_peso": "", "precio": "93,70 \u20ac", "oferta": "", "supermercado": "Carrefour"},
],
[
{"query": "S\u00e9mola de arroz", "nombre": "Semola de arroz Nomen 500 g.", "imagen_src": "https://static.carrefour.es/hd_350x_/img_pim_food/016310_00_1.jpg", "precio_peso": "1,90 \u20ac/kg", "precio": "0,95 \u20ac", "oferta": "", "supermercado": "Carrefour"},
{"query": "S\u00e9mola de arroz", "nombre": "Semola Gallo 250 g.", "imagen_src": "https://static.carrefour.es/hd_350x_/img_pim_food/200991_00_1.jpg", "precio_peso": "3,44 \u20ac/kg", "precio": "0,86 \u20ac", "oferta": "", "supermercado": "Carrefour"},
],
[
{"query": "Pasta", "nombre": "Espirales vegetales Carrefour 500 g.", "imagen_src": "https://static.carrefour.es/hd_350x_/img_pim_food/228697_00_1.jpg", "precio_peso": "1,76 \u20ac/kg", "precio": "0,88 \u20ac", "oferta": "", "supermercado": "Carrefour"},
{"query": "Pasta", "nombre": "Macarrones Carrefour 1 kg.", "imagen_src": "https://static.carrefour.es/hd_350x_/img_pim_food/226607_00_1.jpg", "precio_peso": "1,20 \u20ac/kg", "precio": "1,20 \u20ac", "oferta": "", "supermercado": "Carrefour"},
{"query": "Pasta", "nombre": "Espaguetis Carrefour 1 kg.", "imagen_src": "https://static.carrefour.es/hd_350x_/img_pim_food/226608_00_1.jpg", "precio_peso": "1,20 \u20ac/kg", "precio": "1,20 \u20ac", "oferta": "", "supermercado": "Carrefour"},
{"query": "Pasta", "nombre": "Espirales tricolor Carrefour 1 kg.", "imagen_src": "https://static.carrefour.es/hd_350x_/img_pim_food/325857_00_1.jpg", "precio_peso": "1,42 \u20ac/kg", "precio": "1,42 \u20ac", "oferta": "", "supermercado": "Carrefour"},
{"query": "Pasta", "nombre": "", "imagen_src": "https://static.carrefour.es/hd_350x_/img_pim_food/982057_00_1.jpg", "precio_peso": "", "precio": "", "oferta": "", "supermercado": "Carrefour"},
{"query": "Pasta", "nombre": "", "imagen_src": "https://static.carrefour.es/hd_350x_/img_pim_food/229700_00_1.jpg", "precio_peso": "", "precio": "", "oferta": "", "supermercado": "Carrefour"},
],
[
{"query": "Cacao en polvo", "nombre": "Cacao soluble instantaneo Carrefour sin gluten 900 g.", "imagen_src": "https://static.carrefour.es/hd_350x_/img_pim_food/476434_00_1.jpg", "precio_peso": "2,61 \u20ac/kg", "precio": "2,35 \u20ac", "oferta": "", "supermercado": "Carrefour"},
{"query": "Cacao en polvo", "nombre": "Cacao soluble natural Valor 250 g.", "imagen_src": "https://static.carrefour.es/hd_350x_/img_pim_food/289878_00_1.jpg", "precio_peso": "15,96 \u20ac/kg", "precio": "3,99 \u20ac", "oferta": "", "supermercado": "Carrefour"},
{"query": "Cacao en polvo", "nombre": "Chocolate a la taza en polvo Carrefour sin gluten 400 g.", "imagen_src": "https://static.carrefour.es/hd_350x_/img_pim_food/231583_00_1.jpg", "precio_peso": "3,50 \u20ac/kg", "precio": "1,40 \u20ac", "oferta": "", "supermercado": "Carrefour"},
{"query": "Cacao en polvo", "nombre": "Chocolate a la taza en polvo Valor sin gluten 1 kg.", "imagen_src": "https://static.carrefour.es/hd_350x_/img_pim_food/119220_00_1.jpg", "precio_peso": "5,49 \u20ac/kg", "precio": "5,49 \u20ac", "oferta": "", "supermercado": "Carrefour"},
{"query": "Cacao en polvo", "nombre": "", "imagen_src": "https://static.carrefour.es/hd_350x_/img_pim_food/396750_00_1.jpg", "precio_peso": "", "precio": "5,69 \u20ac", "oferta": "", "supermercado": "Carrefour"},
{"query": "Cacao en polvo", "nombre": "", "imagen_src": "https://static.carrefour.es/hd_350x_/img_pim_food/580913_00_1.jpg", "precio_peso": "", "precio": "2,49 \u20ac", "oferta": "", "supermercado": "Carrefour"},
],
[
{"query": "Chocolate con leche", "nombre": "Chocolate con leche extrafino Carrefour 150 g.", "imagen_src": "https://static.carrefour.es/hd_350x_/img_pim_food/231570_00_1.jpg", "precio_peso": "5,40 \u20ac/kg", "precio": "0,81 \u20ac", "oferta": "", "supermercado": "Carrefour"},
{"query": "Chocolate con leche", "nombre": "Chocolate con leche extrafino Nestle sin gluten pack de 3 tabletas de 125 g.", "imagen_src": "https://static.carrefour.es/hd_350x_/img_pim_food/928258_00_1.jpg", "precio_peso": "7,84 \u20ac/kg", "precio": "2,94 \u20ac", "oferta": "", "supermercado": "Carrefour"},
{"query": "Chocolate con leche", "nombre": "Chocolate con leche extrafino Carrefour pack de 3 tabletas de 150 g.", "imagen_src": "https://static.carrefour.es/hd_350x_/img_pim_food/231568_00_1.jpg", "precio_peso": "4,42 \u20ac/kg", "precio": "1,99 \u20ac", "oferta": "", "supermercado": "Carrefour"},
{"query": "Chocolate con leche", "nombre": "Chocolate con leche Nestle Dolca sin gluten 100 g.", "imagen_src": "https://static.carrefour.es/hd_350x_/img_pim_food/085513_00_1.jpg", "precio_peso": "7,40 \u20ac/kg", "precio": "0,74 \u20ac", "oferta": "", "supermercado": "Carrefour"},
{"query": "Chocolate con leche", "nombre": "", "imagen_src": "https://static.carrefour.es/hd_350x_/img_pim_food/212292_00_1.jpg", "precio_peso": "", "precio": "", "oferta": "", "supermercado": "Carrefour"},
{"query": "Chocolate con leche", "nombre": "", "imagen_src": "https://static.carrefour.es/hd_350x_/img_pim_food/928257_00_1.jpg", "precio_peso": "", "precio": "", "oferta": "", "supermercado": "Carrefour"},
],
[
{"query": "Chocolate blanco", "nombre": "Chocolate blanco especial postres Carrefour 200 g.", "imagen_src": "https://static.carrefour.es/hd_350x_/img_pim_food/901397_00_1.jpg", "precio_peso": "6,50 \u20ac/kg", "precio": "1,30 \u20ac", "oferta": "", "supermercado": "Carrefour"},
{"query": "Chocolate blanco", "nombre": "Chocolate blanco fondant Carrefour pack de 2 tabletas de 100 g.", "imagen_src": "https://static.carrefour.es/hd_350x_/img_pim_food/956282_00_1.jpg", "precio_peso": "7,15 \u20ac/kg", "precio": "1,43 \u20ac", "oferta": "", "supermercado": "Carrefour"},
{"query": "Chocolate blanco", "nombre": "Chocolate blanco fondant 100 g.", "imagen_src": "https://static.carrefour.es/hd_350x_/img_pim_food/254561_00_1.jpg", "precio_peso": "5,70 \u20ac/kg", "precio": "0,57 \u20ac", "oferta": "", "supermercado": "Carrefour"},
{"query": "Chocolate blanco", "nombre": "Chocolate blanco sin azucar anadido Torras sin gluten 75 g.", "imagen_src": "https://static.carrefour.es/hd_350x_/img_pim_food/345835_00_1.jpg", "precio_peso": "17,33 \u20ac/kg", "precio": "1,30 \u20ac", "oferta": "", "supermercado": "Carrefour"},
{"query": "Chocolate blanco", "nombre": "", "imagen_src": "https://static.carrefour.es/hd_350x_/img_pim_food/030506_00_1.jpg", "precio_peso": "", "precio": "2,09 \u20ac", "oferta": "", "supermercado": "Carrefour"},
{"query": "Chocolate blanco", "nombre": "", "imagen_src": "https://static.carrefour.es/hd_350x_/img_pim_food/387134_00_1.jpg", "precio_peso": "", "precio": "1,55 \u20ac", "oferta": "", "supermercado": "Carrefour"},
],
[
{"query": "Chocolate con arroz inflado", "nombre": "Galletas de arroz inflado rellenas de chocolate con avellanas ecologicas Carrefour Bio sin gluten 120 g.", "imagen_src": "https://static.carrefour.es/hd_350x_/img_pim_food/939058_00_1.jpg", "precio_peso": "18,25 \u20ac/kg", "precio": "2,19 \u20ac", "oferta": "", "supermercado": "Carrefour"},
{"query": "Chocolate con arroz inflado", "nombre": "Cereales de arroz inflado con chocolate Cerides sin gluten 500 g.", "imagen_src": "https://static.carrefour.es/hd_350x_/img_pim_food/389599_00_1.jpg", "precio_peso": "3,42 \u20ac/kg", "precio": "1,71 \u20ac", "oferta": "", "supermercado": "Carrefour"},
{"query": "Chocolate con arroz inflado", "nombre": "Arroz hinchado de chocolate Carrefour Bio 375 g.", "imagen_src": "https://static.carrefour.es/hd_350x_/img_pim_food/659806_00_1.jpg", "precio_peso": "8,13 \u20ac/kg", "precio": "3,05 \u20ac", "oferta": "", "supermercado": "Carrefour"},
],
[
{"query": "Crema de chocolate con avellanas", "nombre": "Crema de chocolate Carrefour Classic sin aceite de palma 400 g.", "imagen_src": "https://static.carrefour.es/hd_350x_/img_pim_food/605045_00_1.jpg", "precio_peso": "4,97 \u20ac/kg", "precio": "1,99 \u20ac", "oferta": "", "supermercado": "Carrefour"},
{"query": "Crema de chocolate con avellanas", "nombre": "Crema de cacao y leche con avellanas Nocilla sin gluten y sin aceite de palma 360 g.", "imagen_src": "https://static.carrefour.es/hd_350x_/img_pim_food/061584_00_1.jpg", "precio_peso": "8,31 \u20ac/kg", "precio": "2,99 \u20ac", "oferta": "", "supermercado": "Carrefour"},
{"query": "Crema de chocolate con avellanas", "nombre": "Crema de cacao con avellanas Nutella sin gluten 450 g.", "imagen_src": "https://static.carrefour.es/hd_350x_/img_pim_food/944197_00_1.jpg", "precio_peso": "9,09 \u20ac/kg", "precio": "4,09 \u20ac", "oferta": "", "supermercado": "Carrefour"},
{"query": "Crema de chocolate con avellanas", "nombre": "Crema de cacao con avellanas Nutella sin gluten 900 g.", "imagen_src": "https://static.carrefour.es/hd_350x_/img_pim_food/617321_00_1.jpg", "precio_peso": "6,99 \u20ac/kg", "precio": "6,29 \u20ac", "oferta": "", "supermercado": "Carrefour"},
{"query": "Crema de chocolate con avellanas", "nombre": "", "imagen_src": "https://static.carrefour.es/hd_350x_/img_pim_food/429177_00_1.jpg", "precio_peso": "", "precio": "", "oferta": "", "supermercado": "Carrefour"},
{"query": "Crema de chocolate con avellanas", "nombre": "", "imagen_src": "https://static.carrefour.es/hd_350x_/img_pim_food/858053_00_1.jpg", "precio_peso": "", "precio": "", "oferta": "", "supermercado": "Carrefour"},
],
[
{"query": "Kit-Kat", "nombre": "Barritas de galleta crujiente cubiertas de chocolate con leche Nestle Kit Kat 5 ud.", "imagen_src": "https://static.carrefour.es/hd_350x_/img_pim_food/267300_00_1.jpg", "precio_peso": "10,87 \u20ac/kg", "precio": "2,25 \u20ac", "oferta": "", "supermercado": "Carrefour"},
{"query": "Kit-Kat", "nombre": "Bolitas de galleta crujiente cubiertas de chocolate con leche Nestle Kit Kat Pops 140 g.", "imagen_src": "https://static.carrefour.es/hd_350x_/img_pim_food/628225_00_1.jpg", "precio_peso": "14,93 \u20ac/kg", "precio": "2,09 \u20ac", "oferta": "", "supermercado": "Carrefour"},
{"query": "Kit-Kat", "nombre": "Barrita de galleta crujiente cubierta de caramelo gold Nestle Kit Kat pack de 3 unidades de 41,5 g.", "imagen_src": "https://static.carrefour.es/hd_350x_/img_pim_food/478962_00_1.jpg", "precio_peso": "18,32 \u20ac/kg", "precio": "2,29 \u20ac", "oferta": "", "supermercado": "Carrefour"},
{"query": "Kit-Kat", "nombre": "Yogur con bolitas cubiertas de chocolate Mix-in Nestle Kit Kat pack de 2 unidades de 115 g.", "imagen_src": "https://static.carrefour.es/hd_350x_/img_pim_food/272202_00_1.jpg", "precio_peso": "5,70 \u20ac/kg", "precio": "1,31 \u20ac", "oferta": "", "supermercado": "Carrefour"},
{"query": "Kit-Kat", "nombre": "", "imagen_src": "https://static.carrefour.es/hd_350x_/img_pim_food/966743_00_1.jpg", "precio_peso": "", "precio": "4,39 \u20ac", "oferta": "", "supermercado": "Carrefour"},
{"query": "Kit-Kat", "nombre": "", "imagen_src": "https://static.carrefour.es/hd_350x_/img_pim_food/843281_00_1.jpg", "precio_peso": "", "precio": "1,31 \u20ac", "oferta": "", "supermercado": "Carrefour"},
],
[
{"query": "Bizcocho", "nombre": "Bocaditos al cacao Classic' Carrefour 500 g.", "imagen_src": "https://static.carrefour.es/hd_350x_/img_pim_food/069000_00_1.jpg", "precio_peso": "4,38 \u20ac/kg", "precio": "2,19 \u20ac", "oferta": "", "supermercado": "Carrefour"},
{"query": "Bizcocho", "nombre": "Bizcocho de manzana 400 g", "imagen_src": "https://static.carrefour.es/hd_350x_/img_pim_food/891129_00_1.jpg", "precio_peso": "8,12 \u20ac/kg", "precio": "3,25 \u20ac", "oferta": "", "supermercado": "Carrefour"},
{"query": "Bizcocho", "nombre": "Bizcocho casero 400 g", "imagen_src": "https://static.carrefour.es/hd_350x_/img_pim_food/502963_00_1.jpg", "precio_peso": "8,47 \u20ac/kg", "precio": "3,39 \u20ac", "oferta": "", "supermercado": "Carrefour"},
{"query": "Bizcocho", "nombre": "Bizcocho marmol 400 g", "imagen_src": "https://static.carrefour.es/hd_350x_/img_pim_food/631349_00_1.jpg", "precio_peso": "8,47 \u20ac/kg", "precio": "3,39 \u20ac", "oferta": "", "supermercado": "Carrefour"},
{"query": "Bizcocho", "nombre": "", "imagen_src": "https://static.carrefour.es/hd_350x_/img_pim_food/695046_00_1.jpg", "precio_peso": "11,04 \u20ac/kg", "precio": "2,65 \u20ac", "oferta": "", "supermercado": "Carrefour"},
{"query": "Bizcocho", "nombre": "", "imagen_src": "https://static.carrefour.es/hd_350x_/img_pim_food/001676_00_1.jpg", "precio_peso": "7,44 \u20ac/kg", "precio": "3,35 \u20ac", "oferta": "", "supermercado": "Carrefour"},
],
[
{"query": "Croissant", "nombre": "Croissant de mantequilla Carrefour 8 ud", "imagen_src": "https://static.carrefour.es/hd_350x_/img_pim_food/035780_00_1.jpg", "precio_peso": "0,31 \u20ac/ud", "precio": "2,50 \u20ac", "oferta": "", "supermercado": "Carrefour"},
{"query": "Croissant", "nombre": "Croissants rellenos de crema de cacao Classic' Carrefour 360 g.", "imagen_src": "https://static.carrefour.es/hd_350x_/img_pim_food/060500_00_1.jpg", "precio_peso": "5,42 \u20ac/kg", "precio": "1,95 \u20ac", "oferta": "", "supermercado": "Carrefour"},
{"query": "Croissant", "nombre": "Croissant clasico Carrefour 4 ud", "imagen_src": "https://static.carrefour.es/hd_350x_/img_pim_food/163361_00_1.jpg", "precio_peso": "0,94 \u20ac/ud", "precio": "3,75 \u20ac", "oferta": "", "supermercado": "Carrefour"},
{"query": "Croissant", "nombre": "Mini croissant de mantequilla Carrefour 10 ud", "imagen_src": "https://static.carrefour.es/hd_350x_/img_pim_food/314828_00_1.jpg", "precio_peso": "0,27 \u20ac/ud", "precio": "2,75 \u20ac", "oferta": "", "supermercado": "Carrefour"},
{"query": "Croissant", "nombre": "", "imagen_src": "https://static.carrefour.es/hd_350x_/img_pim_food/779494_00_1.jpg", "precio_peso": "", "precio": "", "oferta": "", "supermercado": "Carrefour"},
{"query": "Croissant", "nombre": "", "imagen_src": "https://static.carrefour.es/hd_350x_/img_pim_food/572655_00_1.jpg", "precio_peso": "", "precio": "", "oferta": "", "supermercado": "Carrefour"},
],
[
{"query": "Ensaimada ", "nombre": "Ensaimada Carrefour 220 g.", "imagen_src": "https://static.carrefour.es/hd_350x_/img_pim_food/752848_00_1.jpg", "precio_peso": "4,50 \u20ac/kg", "precio": "0,99 \u20ac", "oferta": "", "supermercado": "Carrefour"},
{"query": "Ensaimada ", "nombre": "Mini ensaimada de azucar Carrefour 6 ud", "imagen_src": "https://static.carrefour.es/hd_350x_/img_pim_food/035769_00_1.jpg", "precio_peso": "0,54 \u20ac/ud", "precio": "3,25 \u20ac", "oferta": "", "supermercado": "Carrefour"},
{"query": "Ensaimada ", "nombre": "Ensaimada de azucar Carrefour 4 ud", "imagen_src": "https://static.carrefour.es/hd_350x_/img_pim_food/061013_00_1.jpg", "precio_peso": "0,81 \u20ac/ud", "precio": "3,25 \u20ac", "oferta": "", "supermercado": "Carrefour"},
{"query": "Ensaimada ", "nombre": "Coca O Ensaimada", "imagen_src": "https://static.carrefour.es/hd_350x_/imagenes/products/97884/89929/487/9788489929487/imagenGrande1.jpg", "precio_peso": "", "precio": "11,40 \u20ac", "oferta": "", "supermercado": "Carrefour"},
],
[
],
[
{"query": "Magdalena ", "nombre": "Magdalena redonda Classic' Carrefour 615 g.", "imagen_src": "https://static.carrefour.es/hd_350x_/img_pim_food/581097_00_1.jpg", "precio_peso": "4,37 \u20ac/kg", "precio": "2,69 \u20ac", "oferta": "", "supermercado": "Carrefour"},
{"query": "Magdalena ", "nombre": "Magdalena valenciana Classic' Carrefour 700 g.", "imagen_src": "https://static.carrefour.es/hd_350x_/img_pim_food/581107_00_1.jpg", "precio_peso": "3,56 \u20ac/kg", "precio": "2,49 \u20ac", "oferta": "", "supermercado": "Carrefour"},
{"query": "Magdalena ", "nombre": "Magdalenas redondas La Bella Easo 522 g.", "imagen_src": "https://static.carrefour.es/hd_350x_/img_pim_food/400811_00_1.jpg", "precio_peso": "5,11 \u20ac/kg", "precio": "2,69 \u20ac", "oferta": "", "supermercado": "Carrefour"},
{"query": "Magdalena ", "nombre": "Magdalenas caseras 420 g", "imagen_src": "https://static.carrefour.es/hd_350x_/img_pim_food/502968_00_1.jpg", "precio_peso": "7,74 \u20ac/kg", "precio": "3,25 \u20ac", "oferta": "", "supermercado": "Carrefour"},
{"query": "Magdalena ", "nombre": "", "imagen_src": "https://static.carrefour.es/hd_350x_/img_pim_food/790282_00_1.jpg", "precio_peso": "7,74 \u20ac/kg", "precio": "3,25 \u20ac", "oferta": "", "supermercado": "Carrefour"},
{"query": "Magdalena ", "nombre": "", "imagen_src": "https://static.carrefour.es/hd_350x_/img_pim_food/731262_00_1.jpg", "precio_peso": "8,33 \u20ac/kg", "precio": "2,25 \u20ac", "oferta": "", "supermercado": "Carrefour"},
],
[
{"query": "Bollo relleno de chocolate", "nombre": "Bizcochos rellenos con chocolate El Osito Lulu Fontaneda 300 g.", "imagen_src": "https://static.carrefour.es/hd_350x_/img_pim_food/537697_00_1.jpg", "precio_peso": "8,03 \u20ac/kg", "precio": "2,41 \u20ac", "oferta": "", "supermercado": "Carrefour"},
{"query": "Bollo relleno de chocolate", "nombre": "Bizcocho con pepitas de chocolate con leche y relleno de chocolate Milka 350 g.", "imagen_src": "https://static.carrefour.es/hd_350x_/img_pim_food/085982_00_1.jpg", "precio_peso": "11,40 \u20ac/kg", "precio": "3,99 \u20ac", "oferta": "", "supermercado": "Carrefour"},
{"query": "Bollo relleno de chocolate", "nombre": "Bizcochos rellenos de cacao y cubiertos de chocolate Choco Trio Milka 150 g.", "imagen_src": "https://static.carrefour.es/hd_350x_/img_pim_food/444132_00_1.jpg", "precio_peso": "15,67 \u20ac/kg", "precio": "2,35 \u20ac", "oferta": "", "supermercado": "Carrefour"},
{"query": "Bollo relleno de chocolate", "nombre": "Napolitanas rellenas de chocolate Classic' Carrefour 320 g.", "imagen_src": "https://static.carrefour.es/hd_350x_/img_pim_food/752845_00_1.jpg", "precio_peso": "4,84 \u20ac/kg", "precio": "1,55 \u20ac", "oferta": "", "supermercado": "Carrefour"},
{"query": "Bollo relleno de chocolate", "nombre": "", "imagen_src": "https://static.carrefour.es/hd_350x_/img_pim_food/955129_00_1.jpg", "precio_peso": "", "precio": "", "oferta": "", "supermercado": "Carrefour"},
{"query": "Bollo relleno de chocolate", "nombre": "", "imagen_src": "https://static.carrefour.es/hd_350x_/img_pim_food/005790_00_1.jpg", "precio_peso": "", "precio": "", "oferta": "", "supermercado": "Carrefour"},
],
[
{"query": "Rosquilletas", "nombre": "Berlina glace Donuts 4 ud.", "imagen_src": "https://static.carrefour.es/hd_350x_/img_pim_food/488502_00_1.jpg", "precio_peso": "12,02 \u20ac/kg", "precio": "2,50 \u20ac", "oferta": "", "supermercado": "Carrefour"},
{"query": "Rosquilletas", "nombre": "Bollito recubierto de chocolate Donettes 9 ud.", "imagen_src": "https://static.carrefour.es/hd_350x_/img_pim_food/682477_00_1.jpg", "precio_peso": "15,15 \u20ac/kg", "precio": "2,59 \u20ac", "oferta": "", "supermercado": "Carrefour"},
{"query": "Rosquilletas", "nombre": "Berlinas bombon Donuts 4 ud.", "imagen_src": "https://static.carrefour.es/hd_350x_/img_pim_food/488506_00_1.jpg", "precio_peso": "11,36 \u20ac/kg", "precio": "2,50 \u20ac", "oferta": "", "supermercado": "Carrefour"},
{"query": "Rosquilletas", "nombre": "Bollito recubierto de chocolate blanco rayado Donettes 8 ud.", "imagen_src": "https://static.carrefour.es/hd_350x_/img_pim_food/682487_00_1.jpg", "precio_peso": "13,70 \u20ac/kg", "precio": "2,59 \u20ac", "oferta": "", "supermercado": "Carrefour"},
{"query": "Rosquilletas", "nombre": "Berlina Fondant Donuts 204 g.", "imagen_src": "https://static.carrefour.es/hd_350x_/img_pim_food/153863_00_1.jpg", "precio_peso": "12,25 \u20ac/kg", "precio": "2,50 \u20ac", "oferta": "", "supermercado": "Carrefour"},
{"query": "Rosquilletas", "nombre": "Colcha Mr. Wonderful Rosquillas Cama 90 Multi", "imagen_src": "https://static.carrefour.es/hd_350x_/imagenes/products/84348/85058/986/8434885058986/imagenGrande1.jpg", "precio_peso": "", "precio": "65,99 \u20ac", "oferta": "", "supermercado": "Carrefour"},
],
[
{"query": "Bacalao", "nombre": "", "imagen_src": "https://static.carrefour.es/hd_350x_/img_pim_food/302943_00_1.jpg", "precio_peso": "12,97 \u20ac/kg", "precio": "5,19 \u20ac", "oferta": "", "supermercado": "Carrefour"},
{"query": "Bacalao", "nombre": "Bacalao desalado desmigado Carrefour 250 g.", "imagen_src": "https://static.carrefour.es/hd_350x_/img_pim_food/965241_00_1.jpg", "precio_peso": "15 \u20ac/kg", "precio": "3,75 \u20ac", "oferta": "", "supermercado": "Carrefour"},
{"query": "Bacalao", "nombre": "Filete de bacalao NorayNorth 400 g.", "imagen_src": "https://static.carrefour.es/hd_350x_/img_pim_food/542115_00_1.jpg", "precio_peso": "10,37 \u20ac/kg", "precio": "4,15 \u20ac", "oferta": "", "supermercado": "Carrefour"},
{"query": "Bacalao", "nombre": "Bacalao troceado congelado 400 g", "imagen_src": "https://static.carrefour.es/hd_350x_/img_pim_food/451225_00_1.jpg", "precio_peso": "9,87 \u20ac/kg", "precio": "3,95 \u20ac", "oferta": "", "supermercado": "Carrefour"},
{"query": "Bacalao", "nombre": "", "imagen_src": "https://static.carrefour.es/hd_350x_/img_pim_food/075453_00_1.jpg", "precio_peso": "", "precio": "", "oferta": "", "supermercado": "Carrefour"},
{"query": "Bacalao", "nombre": "", "imagen_src": "https://static.carrefour.es/hd_350x_/img_pim_food/708300_00_1.jpg", "precio_peso": "", "precio": "", "oferta": "", "supermercado": "Carrefour"},
],
[
{"query": "Lenguado", "nombre": "Filete de lenguado al vacio congelado Delfin 180 g.", "imagen_src": "https://static.carrefour.es/hd_350x_/img_pim_food/317726_00_1.jpg", "precio_peso": "16,06 \u20ac/kg", "precio": "2,89 \u20ac", "oferta": "", "supermercado": "Carrefour"},
{"query": "Lenguado", "nombre": "Lenguado del cabo limpio congelado Extra Carrefour 600 g", "imagen_src": "https://static.carrefour.es/hd_350x_/img_pim_food/714009_00_1.jpg", "precio_peso": "10,75 \u20ac/kg", "precio": "6,45 \u20ac", "oferta": "", "supermercado": "Carrefour"},
{"query": "Lenguado", "nombre": "Tarrito de verduritas con lenguado desde 6 meses Nutriben 235 g.", "imagen_src": "https://static.carrefour.es/hd_350x_/img_pim_food/301631_00_1.jpg", "precio_peso": "4,21 \u20ac/kg", "precio": "0,99 \u20ac", "oferta": "", "supermercado": "Carrefour"},
{"query": "Lenguado", "nombre": "Cuchillo De Lenguado Acero Inoxidable Arcos Maitre 170 Mm Color Negro", "imagen_src": "https://static.carrefour.es/hd_350x_/imagenes/products/84210/02150/609/8421002150609/imagenGrande1.jpg", "precio_peso": "", "precio": "13,50 \u20ac", "oferta": "", "supermercado": "Carrefour"},
{"query": "Lenguado", "nombre": "", "imagen_src": "https://static.carrefour.es/hd_350x_/imagenes/products/84210/02154/706/8421002154706/imagenGrande1.jpg", "precio_peso": "", "precio": "", "oferta": "", "supermercado": "Carrefour"},
{"query": "Lenguado", "nombre": "", "imagen_src": "https://static.carrefour.es/hd_350x_/imagenes/products/84210/02161/407/8421002161407/imagenGrande1.jpg", "precio_peso": "", "precio": "", "oferta": "", "supermercado": "Carrefour"},
],
[
{"query": "Lubina", "nombre": "Lubina de racion 600 g aprox", "imagen_src": "https://static.carrefour.es/hd_350x_/img_pim_food/301585_00_1.jpg", "precio_peso": "7,75 \u20ac/kg", "precio": "4,65 \u20ac", "oferta": "", "supermercado": "Carrefour"},
{"query": "Lubina", "nombre": "Lubina Circulo de Calidad 600 g aprox", "imagen_src": "https://static.carrefour.es/hd_350x_/img_pim_food/031154_00_1.jpg", "precio_peso": "13,95 \u20ac/kg", "precio": "8,37 \u20ac", "oferta": "", "supermercado": "Carrefour"},
{"query": "Lubina", "nombre": "Lubina 2,5 kg aprox", "imagen_src": "https://static.carrefour.es/hd_350x_/img_pim_food/444301_00_1.jpg", "precio_peso": "16,95 \u20ac/kg", "precio": "42,37 \u20ac", "oferta": "", "supermercado": "Carrefour"},
{"query": "Lubina", "nombre": "Tarrito de verduras con lubina y merluza desde 8 meses ecologico Smileat sin gluten sin lactosa 230 g.", "imagen_src": "https://static.carrefour.es/hd_350x_/img_pim_food/864408_00_1.jpg", "precio_peso": "9,96 \u20ac/kg", "precio": "2,29 \u20ac", "oferta": "", "supermercado": "Carrefour"},
{"query": "Lubina", "nombre": "Tarrito de verduras con lubina desde 8 meses ecologico Carrefour Baby Bio sin gluten pack de 2 unidades de 200 g.", "imagen_src": "https://static.carrefour.es/hd_350x_/img_pim_food/432763_00_1.jpg", "precio_peso": "", "precio": "", "oferta": "", "supermercado": "Carrefour"},
{"query": "Lubina", "nombre": "Ajo Circulo de Calidad 250 g", "imagen_src": "https://static.carrefour.es/hd_350x_/img_pim_food/496386_00_1.jpg", "precio_peso": "", "precio": "", "oferta": "", "supermercado": "Carrefour"},
],
[
{"query": "Merluza", "nombre": "Filete de Merluza del Cabo Carrefour 600 g.", "imagen_src": "https://static.carrefour.es/hd_350x_/img_pim_food/926629_00_1.jpg", "precio_peso": "7,22 \u20ac/kg", "precio": "4,33 \u20ac", "oferta": "", "supermercado": "Carrefour"},
{"query": "Merluza", "nombre": "Corazones de filete de merluza congelados Pescanova 500 g.", "imagen_src": "https://static.carrefour.es/hd_350x_/img_pim_food/040488_00_1.jpg", "precio_peso": "11,30 \u20ac/kg", "precio": "5,65 \u20ac", "oferta": "", "supermercado": "Carrefour"},
{"query": "Merluza", "nombre": "Medallones de merluza argentina congelados Carrefour 480 g.", "imagen_src": "https://static.carrefour.es/hd_350x_/img_pim_food/144320_00_1.jpg", "precio_peso": "7,19 \u20ac/kg", "precio": "3,45 \u20ac", "oferta": "", "supermercado": "Carrefour"},
{"query": "Merluza", "nombre": "Filetes de merluza sin piel Pescanova 400 g.", "imagen_src": "https://static.carrefour.es/hd_350x_/img_pim_food/003302_00_1.jpg", "precio_peso": "11,72 \u20ac/kg", "precio": "4,69 \u20ac", "oferta": "", "supermercado": "Carrefour"},
{"query": "Merluza", "nombre": "", "imagen_src": "https://static.carrefour.es/hd_350x_/img_pim_food/234644_00_1.jpg", "precio_peso": "", "precio": "", "oferta": "", "supermercado": "Carrefour"},
{"query": "Merluza", "nombre": "", "imagen_src": "https://static.carrefour.es/hd_350x_/img_pim_food/003305_00_1.jpg", "precio_peso": "", "precio": "", "oferta": "", "supermercado": "Carrefour"},
],
[
{"query": "Rape", "nombre": "Rape blanco 2,5 kg aprox", "imagen_src": "https://static.carrefour.es/hd_350x_/img_pim_food/234989_00_1.jpg", "precio_peso": "7,95 \u20ac/kg", "precio": "19,87 \u20ac", "oferta": "", "supermercado": "Carrefour"},
{"query": "Rape", "nombre": "Cola de rape chino congelado 800 g", "imagen_src": "https://static.carrefour.es/hd_350x_/img_pim_food/334477_00_1.jpg", "precio_peso": "7,86 \u20ac/kg", "precio": "6,29 \u20ac", "oferta": "", "supermercado": "Carrefour"},
{"query": "Rape", "nombre": "Filete rape sin piel ultracongelado Pescanova 250 g.", "imagen_src": "https://static.carrefour.es/hd_350x_/img_pim_food/046301_00_1.jpg", "precio_peso": "41 \u20ac/kg", "precio": "10,25 \u20ac", "oferta": "", "supermercado": "Carrefour"},
{"query": "Rape", "nombre": "Cabeza de rape 1 kg aprox", "imagen_src": "https://static.carrefour.es/hd_350x_/img_pim_food/234565_00_1.jpg", "precio_peso": "4,50 \u20ac/kg", "precio": "4,50 \u20ac", "oferta": "", "supermercado": "Carrefour"},
{"query": "Rape", "nombre": "", "imagen_src": "https://static.carrefour.es/hd_350x_/img_pim_food/401068_00_1.jpg", "precio_peso": "", "precio": "", "oferta": "", "supermercado": "Carrefour"},
{"query": "Rape", "nombre": "", "imagen_src": "https://static.carrefour.es/hd_350x_/imagenes/products/97884/17233/402/9788417233402/imagenGrande1.jpg", "precio_peso": "", "precio": "", "oferta": "", "supermercado": "Carrefour"},
],
[
{"query": "Pescadilla", "nombre": "Pescadilla fina 800 g aprox", "imagen_src": "https://static.carrefour.es/hd_350x_/img_pim_food/235048_00_1.jpg", "precio_peso": "4,99 \u20ac/kg", "precio": "3,99 \u20ac", "oferta": "", "supermercado": "Carrefour"},
{"query": "Pescadilla", "nombre": "Pescadilla de pincho 1,8 kg aprox", "imagen_src": "https://static.carrefour.es/hd_350x_/img_pim_food/235058_00_1.jpg", "precio_peso": "7,95 \u20ac/kg", "precio": "14,31 \u20ac", "oferta": "", "supermercado": "Carrefour"},
{"query": "Pescadilla", "nombre": "Pescadilla 2,5 kg aprox", "imagen_src": "https://static.carrefour.es/hd_350x_/img_pim_food/058122_00_1.jpg", "precio_peso": "7,99 \u20ac/kg", "precio": "19,97 \u20ac", "oferta": "", "supermercado": "Carrefour"},
{"query": "Pescadilla", "nombre": "Tarritos Buenas Noches Verdura con Pescadilla a la Crema Hero Baby 6x190 grs", "imagen_src": "https://static.carrefour.es/hd_350x_/img_pim_food/590525_00_1.jpg", "precio_peso": "5,79 \u20ac/kg", "precio": "6,95 \u20ac", "oferta": "", "supermercado": "Carrefour"},
{"query": "Pescadilla", "nombre": "", "imagen_src": "https://static.carrefour.es/hd_350x_/img_pim_food/529324_00_1.jpg", "precio_peso": "", "precio": "", "oferta": "", "supermercado": "Carrefour"},
],
[
{"query": "At\u00fan", "nombre": "Atun claro en aceite de oliva Carrefour pack de 8 latas de 52 g.", "imagen_src": "https://static.carrefour.es/hd_350x_/img_pim_food/251204_00_1.jpg", "precio_peso": "13,70 \u20ac/kg", "precio": "5,70 \u20ac", "oferta": "", "supermercado": "Carrefour"},
{"query": "At\u00fan", "nombre": "Atun en aceite de girasol pack de 6 latas de 52 g.", "imagen_src": "https://static.carrefour.es/hd_350x_/img_pim_food/827717_00_1.jpg", "precio_peso": "9,58 \u20ac/kg", "precio": "2,99 \u20ac", "oferta": "", "supermercado": "Carrefour"},
{"query": "At\u00fan", "nombre": "Atun en aceite de girasol 650 g.", "imagen_src": "https://static.carrefour.es/hd_350x_/img_pim_food/232191_00_1.jpg", "precio_peso": "9,77 \u20ac/kg", "precio": "6,35 \u20ac", "oferta": "", "supermercado": "Carrefour"},
{"query": "At\u00fan", "nombre": "Atun claro al natural Carrefour pack de 6 latas de 56 g.", "imagen_src": "https://static.carrefour.es/hd_350x_/img_pim_food/841527_00_1.jpg", "precio_peso": "12,80 \u20ac/kg", "precio": "4,30 \u20ac", "oferta": "", "supermercado": "Carrefour"},
{"query": "At\u00fan", "nombre": "", "imagen_src": "https://static.carrefour.es/hd_350x_/img_pim_food/028289_00_1.jpg", "precio_peso": "", "precio": "", "oferta": "", "supermercado": "Carrefour"},
{"query": "At\u00fan", "nombre": "", "imagen_src": "https://static.carrefour.es/hd_350x_/img_pim_food/442010_00_1.jpg", "precio_peso": "", "precio": "", "oferta": "", "supermercado": "Carrefour"},
],
[
{"query": "Pez espada", "nombre": "Rodaja de pez espada congelada 300 g aprox", "imagen_src": "https://static.carrefour.es/hd_350x_/img_pim_food/696042_00_1.jpg", "precio_peso": "18,30 \u20ac/kg", "precio": "5,49 \u20ac", "oferta": "", "supermercado": "Carrefour"},
{"query": "Pez espada", "nombre": "Pez espada 1,2 Kg aprox", "imagen_src": "https://static.carrefour.es/hd_350x_/img_pim_food/033453_00_1.jpg", "precio_peso": "17,99 \u20ac/kg", "precio": "21,59 \u20ac", "oferta": "", "supermercado": "Carrefour"},
{"query": "Pez espada", "nombre": "Ventresca De Pez Espada En Aceite De Oliva", "imagen_src": "https://static.carrefour.es/hd_350x_/imagenes/products/84370/11975/041/8437011975041/imagenGrande1.jpg", "precio_peso": "", "precio": "7,25 \u20ac", "oferta": "", "supermercado": "Carrefour"},
{"query": "Pez espada", "nombre": "Lomos De Pez Espada En Aceite De Oliva", "imagen_src": "https://static.carrefour.es/hd_350x_/imagenes/products/84370/11975/089/8437011975089/imagenGrande1.jpg", "precio_peso": "", "precio": "9,95 \u20ac", "oferta": "", "supermercado": "Carrefour"},
{"query": "Pez espada", "nombre": "", "imagen_src": "https://static.carrefour.es/hd_350x_/imagenes/products/21000/00250/036/2100000250036/imagenGrande1.jpg", "precio_peso": "", "precio": "19,50 \u20ac", "oferta": "", "supermercado": "Carrefour"},
{"query": "Pez espada", "nombre": "", "imagen_src": "https://static.carrefour.es/hd_350x_/imagenes/products/21000/00250/037/2100000250037/imagenGrande1.jpg", "precio_peso": "", "precio": "74,85 \u20ac", "oferta": "", "supermercado": "Carrefour"},
],
[
{"query": "Salm\u00f3n", "nombre": "Salmon Calidad y Origen Carrefour 3 kg aprox", "imagen_src": "https://static.carrefour.es/hd_350x_/img_pim_food/149458_00_1.jpg", "precio_peso": "10,89 \u20ac/kg", "precio": "32,67 \u20ac", "oferta": "", "supermercado": "Carrefour"},
{"query": "Salm\u00f3n", "nombre": "Salmon ahumado noruego Extra Carrefour 100 g.", "imagen_src": "https://static.carrefour.es/hd_350x_/img_pim_food/069334_00_1.jpg", "precio_peso": "29,90 \u20ac/kg", "precio": "2,99 \u20ac", "oferta": "", "supermercado": "Carrefour"},
{"query": "Salm\u00f3n", "nombre": "Salmon ahumado 100 g.", "imagen_src": "https://static.carrefour.es/hd_350x_/img_pim_food/399424_00_1.jpg", "precio_peso": "25 \u20ac/kg", "precio": "2,50 \u20ac", "oferta": "", "supermercado": "Carrefour"},
{"query": "Salm\u00f3n", "nombre": "Lomo de salmon congelado 125 g", "imagen_src": "https://static.carrefour.es/hd_350x_/img_pim_food/244132_00_1.jpg", "precio_peso": "30,40 \u20ac/kg", "precio": "3,80 \u20ac", "oferta": "", "supermercado": "Carrefour"},
{"query": "Salm\u00f3n", "nombre": "", "imagen_src": "https://static.carrefour.es/hd_350x_/img_pim_food/341403_00_1.jpg", "precio_peso": "", "precio": "", "oferta": "", "supermercado": "Carrefour"},
{"query": "Salm\u00f3n", "nombre": "", "imagen_src": "https://static.carrefour.es/hd_350x_/img_pim_food/594803_00_1.jpg", "precio_peso": "", "precio": "", "oferta": "", "supermercado": "Carrefour"},
],
[
{"query": "Trucha", "nombre": "Trucha asalmonada Circulo de Calidad 600 g aprox", "imagen_src": "https://static.carrefour.es/hd_350x_/img_pim_food/349382_00_1.jpg", "precio_peso": "7,75 \u20ac/kg", "precio": "4,65 \u20ac", "oferta": "", "supermercado": "Carrefour"},
{"query": "Trucha", "nombre": "Trucha ahumada arco iris en lonchas Carrefour 100 g.", "imagen_src": "https://static.carrefour.es/hd_350x_/img_pim_food/075169_00_1.jpg", "precio_peso": "31,90 \u20ac/kg", "precio": "3,19 \u20ac", "oferta": "", "supermercado": "Carrefour"},
{"query": "Trucha", "nombre": "2 x Begonia Trucha - Altura: 40 Cm - Begonia Maculata \"wightii\"", "imagen_src": "https://static.carrefour.es/hd_350x_/imagenes/products/42517/21209/258/4251721209258/imagenGrande1.jpg", "precio_peso": "", "precio": "46,95 \u20ac", "oferta": "", "supermercado": "Carrefour"},
{"query": "Trucha", "nombre": "Las Truchas", "imagen_src": "https://static.carrefour.es/hd_350x_/imagenes/products/84360/27576/686/8436027576686/imagenGrande1.jpg", "precio_peso": "", "precio": "4,94 \u20ac", "oferta": "", "supermercado": "Carrefour"},
{"query": "Trucha", "nombre": "", "imagen_src": "https://static.carrefour.es/hd_350x_/imagenes/products/21000/00181/360/2100000181360/imagenGrande1.jpg", "precio_peso": "", "precio": "", "oferta": "", "supermercado": "Carrefour"},
{"query": "Trucha", "nombre": "", "imagen_src": "https://static.carrefour.es/hd_350x_/imagenes/products/97884/18002/335/9788418002335/imagenGrande1.jpg", "precio_peso": "", "precio": "", "oferta": "", "supermercado": "Carrefour"},
],
[
{"query": "Sardina", "nombre": "Sardina 1 kg aprox", "imagen_src": "https://static.carrefour.es/hd_350x_/img_pim_food/033684_00_1.jpg", "precio_peso": "3,95 \u20ac/kg", "precio": "3,95 \u20ac", "oferta": "", "supermercado": "Carrefour"},
{"query": "Sardina", "nombre": "Sardinas en aceite de oliva bajo en sal Calvo 84 g.", "imagen_src": "https://static.carrefour.es/hd_350x_/img_pim_food/486926_00_1.jpg", "precio_peso": "19,52 \u20ac/kg", "precio": "1,64 \u20ac", "oferta": "", "supermercado": "Carrefour"},
{"query": "Sardina", "nombre": "Sardinas en tomate Montey 90 g.", "imagen_src": "https://static.carrefour.es/hd_350x_/img_pim_food/417338_00_1.jpg", "precio_peso": "6,44 \u20ac/kg", "precio": "0,58 \u20ac", "oferta": "", "supermercado": "Carrefour"},
{"query": "Sardina", "nombre": "Sardina parrocha 1 kg aprox", "imagen_src": "https://static.carrefour.es/hd_350x_/img_pim_food/056912_00_1.jpg", "precio_peso": "4,95 \u20ac/kg", "precio": "4,95 \u20ac", "oferta": "", "supermercado": "Carrefour"},
{"query": "Sardina", "nombre": "", "imagen_src": "https://static.carrefour.es/hd_350x_/img_pim_food/839325_00_1.jpg", "precio_peso": "", "precio": "3,09 \u20ac", "oferta": "", "supermercado": "Carrefour"},
{"query": "Sardina", "nombre": "", "imagen_src": "https://static.carrefour.es/hd_350x_/img_pim_food/002625_00_1.jpg", "precio_peso": "", "precio": "1,94 \u20ac", "oferta": "", "supermercado": "Carrefour"},
],
[
{"query": "Surimi", "nombre": "Palitos de mar 300 g", "imagen_src": "https://static.carrefour.es/hd_350x_/img_pim_food/515282_00_1.jpg", "precio_peso": "4,33 \u20ac/kg", "precio": "1,30 \u20ac", "oferta": "", "supermercado": "Carrefour"},
{"query": "Surimi", "nombre": "Palitos de mar Carrefour 450 g.", "imagen_src": "https://static.carrefour.es/hd_350x_/img_pim_food/571815_00_1.jpg", "precio_peso": "3,62 \u20ac/kg", "precio": "1,63 \u20ac", "oferta": "", "supermercado": "Carrefour"},
{"query": "Surimi", "nombre": "Palitos de supremas de mar 375 g", "imagen_src": "https://static.carrefour.es/hd_350x_/img_pim_food/495352_00_1.jpg", "precio_peso": "7,97 \u20ac/kg", "precio": "2,99 \u20ac", "oferta": "", "supermercado": "Carrefour"},
{"query": "Surimi", "nombre": "Palitos de surimi procedente de pesca sostenible Carrefour 330 g.", "imagen_src": "https://static.carrefour.es/hd_350x_/img_pim_food/989521_00_1.jpg", "precio_peso": "9,06 \u20ac/kg", "precio": "2,99 \u20ac", "oferta": "", "supermercado": "Carrefour"},
{"query": "Surimi", "nombre": "", "imagen_src": "https://static.carrefour.es/hd_350x_/img_pim_food/329311_00_1.jpg", "precio_peso": "", "precio": "3,95 \u20ac", "oferta": "", "supermercado": "Carrefour"},
{"query": "Surimi", "nombre": "", "imagen_src": "https://static.carrefour.es/hd_350x_/img_pim_food/003310_00_1.jpg", "precio_peso": "", "precio": "2,89 \u20ac", "oferta": "", "supermercado": "Carrefour"},
],
[
{"query": "Anchoa en lata aceite", "nombre": "Anchoas en aceite de oliva Carrefour 50 g.", "imagen_src": "https://static.carrefour.es/hd_350x_/img_pim_food/231483_00_1.jpg", "precio_peso": "33 \u20ac/kg", "precio": "0,99 \u20ac", "oferta": "", "supermercado": "Carrefour"},
{"query": "Anchoa en lata aceite", "nombre": "Anchoas en aceite de oliva Consorcio 50 g.", "imagen_src": "https://static.carrefour.es/hd_350x_/img_pim_food/167164_00_1.jpg", "precio_peso": "92,76 \u20ac/kg", "precio": "2,69 \u20ac", "oferta": "", "supermercado": "Carrefour"},
{"query": "Anchoa en lata aceite", "nombre": "Anchoas en aceite de oliva Carrefour 95 g.", "imagen_src": "https://static.carrefour.es/hd_350x_/img_pim_food/231480_00_1.jpg", "precio_peso": "40,91 \u20ac/kg", "precio": "2,25 \u20ac", "oferta": "", "supermercado": "Carrefour"},
{"query": "Anchoa en lata aceite", "nombre": "Filetes de anchoa en aceite de girasol Carrefour pack de 3 unidades de 29 g.", "imagen_src": "https://static.carrefour.es/hd_350x_/img_pim_food/381651_00_1.jpg", "precio_peso": "20,69 \u20ac/kg", "precio": "1,80 \u20ac", "oferta": "", "supermercado": "Carrefour"},
{"query": "Anchoa en lata aceite", "nombre": "", "imagen_src": "https://static.carrefour.es/hd_350x_/img_pim_food/381635_00_1.jpg", "precio_peso": "", "precio": "", "oferta": "", "supermercado": "Carrefour"},
{"query": "Anchoa en lata aceite", "nombre": "", "imagen_src": "https://static.carrefour.es/hd_350x_/img_pim_food/159495_00_1.jpg", "precio_peso": "", "precio": "", "oferta": "", "supermercado": "Carrefour"},
],
[
],
[
],
[
],
[
{"query": "Calamar", "nombre": "", "imagen_src": "https://static.carrefour.es/hd_350x_/img_pim_food/602600_00_1.jpg", "precio_peso": "9,22 \u20ac/kg", "precio": "4,38 \u20ac", "oferta": "", "supermercado": "Carrefour"},
{"query": "Calamar", "nombre": "Calamar limpio 400 g.", "imagen_src": "https://static.carrefour.es/hd_350x_/img_pim_food/721056_00_1.jpg", "precio_peso": "14,47 \u20ac/kg", "precio": "5,79 \u20ac", "oferta": "", "supermercado": "Carrefour"},
{"query": "Calamar", "nombre": "Calamares en salsa americana Calvo sin gluten y sin lactosa pack de 3 unidades de 48 g.", "imagen_src": "https://static.carrefour.es/hd_350x_/img_pim_food/020172_00_1.jpg", "precio_peso": "19,10 \u20ac/kg", "precio": "2,75 \u20ac", "oferta": "", "supermercado": "Carrefour"},
{"query": "Calamar", "nombre": "Calamares en su tinta Calvo pack de 3 unidades de 48 g.", "imagen_src": "https://static.carrefour.es/hd_350x_/img_pim_food/020173_00_1.jpg", "precio_peso": "19,10 \u20ac/kg", "precio": "2,75 \u20ac", "oferta": "", "supermercado": "Carrefour"},
{"query": "Calamar", "nombre": "", "imagen_src": "https://static.carrefour.es/hd_350x_/img_pim_food/819258_00_1.jpg", "precio_peso": "", "precio": "", "oferta": "", "supermercado": "Carrefour"},
{"query": "Calamar", "nombre": "", "imagen_src": "https://static.carrefour.es/hd_350x_/img_pim_food/158851_00_1.jpg", "precio_peso": "", "precio": "", "oferta": "", "supermercado": "Carrefour"},
],
[
{"query": "Mejill\u00f3n en escabeche", "nombre": "Mejillones en escabeche Calvo 69 g.", "imagen_src": "https://static.carrefour.es/hd_350x_/img_pim_food/002605_00_1.jpg", "precio_peso": "29,71 \u20ac/kg", "precio": "2,05 \u20ac", "oferta": "", "supermercado": "Carrefour"},
{"query": "Mejill\u00f3n en escabeche", "nombre": "Mejillones en escabeche 16/20 Classic Carrefour sin gluten pack de 3 unidades de 43 g.", "imagen_src": "https://static.carrefour.es/hd_350x_/img_pim_food/370329_00_1.jpg", "precio_peso": "10 \u20ac/kg", "precio": "1,29 \u20ac", "oferta": "", "supermercado": "Carrefour"},
{"query": "Mejill\u00f3n en escabeche", "nombre": "Mejillones en escabeche fritos en aceite de oliva 8/12 De Nuestra Tierra sin gluten 69 g.", "imagen_src": "https://static.carrefour.es/hd_350x_/img_pim_food/713304_00_1.jpg", "precio_peso": "37,54 \u20ac/kg", "precio": "2,59 \u20ac", "oferta": "", "supermercado": "Carrefour"},
{"query": "Mejill\u00f3n en escabeche", "nombre": "Mejillones de las rias gallegas en escabeche picantes Calvo sin gluten y sin lactosa 69 g.", "imagen_src": "https://static.carrefour.es/hd_350x_/img_pim_food/367696_00_1.jpg", "precio_peso": "29,71 \u20ac/kg", "precio": "2,05 \u20ac", "oferta": "", "supermercado": "Carrefour"},
{"query": "Mejill\u00f3n en escabeche", "nombre": "", "imagen_src": "https://static.carrefour.es/hd_350x_/img_pim_food/313559_00_1.jpg", "precio_peso": "", "precio": "", "oferta": "", "supermercado": "Carrefour"},
{"query": "Mejill\u00f3n en escabeche", "nombre": "", "imagen_src": "https://static.carrefour.es/hd_350x_/img_pim_food/387057_00_1.jpg", "precio_peso": "", "precio": "", "oferta": "", "supermercado": "Carrefour"},
],
[
{"query": "Sepia", "nombre": "Sepia faraonica limpia troceada cruda Classic' Carrefour 360 g.", "imagen_src": "https://static.carrefour.es/hd_350x_/img_pim_food/640198_00_1.jpg", "precio_peso": "11,25 \u20ac/kg", "precio": "4,05 \u20ac", "oferta": "", "supermercado": "Carrefour"},
{"query": "Sepia", "nombre": "Sepia limipia congelada 480 g", "imagen_src": "https://static.carrefour.es/hd_350x_/img_pim_food/767667_00_1.jpg", "precio_peso": "11,65 \u20ac/kg", "precio": "6,99 \u20ac", "oferta": "", "supermercado": "Carrefour"},
{"query": "Sepia", "nombre": "Sepia limpia congelada Carrefour 350 g", "imagen_src": "https://static.carrefour.es/hd_350x_/img_pim_food/445077_00_1.jpg", "precio_peso": "19,97 \u20ac/kg", "precio": "6,99 \u20ac", "oferta": "", "supermercado": "Carrefour"},
{"query": "Sepia", "nombre": "Sepias pequenas Carrefour 400 g.", "imagen_src": "https://static.carrefour.es/hd_350x_/img_pim_food/089832_00_1.jpg", "precio_peso": "10,37 \u20ac/kg", "precio": "4,15 \u20ac", "oferta": "", "supermercado": "Carrefour"},
{"query": "Sepia", "nombre": "", "imagen_src": "https://static.carrefour.es/hd_350x_/img_pim_food/988644_00_1.jpg", "precio_peso": "", "precio": "", "oferta": "", "supermercado": "Carrefour"},
{"query": "Sepia", "nombre": "", "imagen_src": "https://static.carrefour.es/hd_350x_/img_pim_food/466466_00_1.jpg", "precio_peso": "", "precio": "", "oferta": "", "supermercado": "Carrefour"},
],
[
{"query": "Chuleta de cerdo", "nombre": "Chuletas de lomo de cerdo Carrefour 550 g aprox", "imagen_src": "https://static.carrefour.es/hd_350x_/img_pim_food/047330_00_1.jpg", "precio_peso": "4,50 \u20ac/kg", "precio": "2,47 \u20ac", "oferta": "", "supermercado": "Carrefour"},
{"query": "Chuleta de cerdo", "nombre": "Chuleta de aguja de cerdo Carrefour 1 kg aprox", "imagen_src": "https://static.carrefour.es/hd_350x_/img_pim_food/149007_00_1.jpg", "precio_peso": "4,55 \u20ac/kg", "precio": "4,55 \u20ac", "oferta": "", "supermercado": "Carrefour"},
{"query": "Chuleta de cerdo", "nombre": "Chuleta de Sajonia 600 g aprox", "imagen_src": "https://static.carrefour.es/hd_350x_/img_pim_food/503736_00_1.jpg", "precio_peso": "9,25 \u20ac/kg", "precio": "5,55 \u20ac", "oferta": "", "supermercado": "Carrefour"},
],
[
{"query": "Lomo de cerdo", "nombre": "Filete de lomo de cerdo Circulo de Calidad 500 g aprox", "imagen_src": "https://static.carrefour.es/hd_350x_/img_pim_food/677672_00_1.jpg", "precio_peso": "6,89 \u20ac/kg", "precio": "3,44 \u20ac", "oferta": "", "supermercado": "Carrefour"},
{"query": "Lomo de cerdo", "nombre": "Chuletas de lomo de cerdo Carrefour 550 g aprox", "imagen_src": "https://static.carrefour.es/hd_350x_/img_pim_food/047330_00_1.jpg", "precio_peso": "4,50 \u20ac/kg", "precio": "2,47 \u20ac", "oferta": "", "supermercado": "Carrefour"},
{"query": "Lomo de cerdo", "nombre": "Lomo de cerdo al ajillo fileteado Carrefour 750 g aprox", "imagen_src": "https://static.carrefour.es/hd_350x_/img_pim_food/239838_00_1.jpg", "precio_peso": "7,50 \u20ac/kg", "precio": "5,62 \u20ac", "oferta": "", "supermercado": "Carrefour"},
{"query": "Lomo de cerdo", "nombre": "Lomo de cerdo adobado extra en filetes Carrefour 750 g aprox", "imagen_src": "https://static.carrefour.es/hd_350x_/img_pim_food/679647_00_1.jpg", "precio_peso": "6,43 \u20ac/kg", "precio": "4,82 \u20ac", "oferta": "", "supermercado": "Carrefour"},
{"query": "Lomo de cerdo", "nombre": "", "imagen_src": "https://static.carrefour.es/hd_350x_/img_pim_food/743258_00_1.jpg", "precio_peso": "", "precio": "3,29 \u20ac", "oferta": "", "supermercado": "Carrefour"},
{"query": "Lomo de cerdo", "nombre": "", "imagen_src": "https://static.carrefour.es/hd_350x_/img_pim_food/776334_00_1.jpg", "precio_peso": "", "precio": "4,74 \u20ac", "oferta": "", "supermercado": "Carrefour"},
],
[
{"query": "Solomillo de cerdo", "nombre": "Solomillo de cerdo Carrefour 1,2 kg aprox", "imagen_src": "https://static.carrefour.es/hd_350x_/img_pim_food/518437_00_1.jpg", "precio_peso": "5,89 \u20ac/kg", "precio": "7,07 \u20ac", "oferta": "", "supermercado": "Carrefour"},
{"query": "Solomillo de cerdo", "nombre": "Solomillo de cerdo Extratiernos ElPozo 750 g aprox", "imagen_src": "https://static.carrefour.es/hd_350x_/img_pim_food/952417_00_1.jpg", "precio_peso": "9,99 \u20ac/kg", "precio": "7,49 \u20ac", "oferta": "", "supermercado": "Carrefour"},
{"query": "Solomillo de cerdo", "nombre": "Solomillo de Cerdo Iberico Carrefour 500 g aprox", "imagen_src": "https://static.carrefour.es/hd_350x_/img_pim_food/517464_00_1.jpg", "precio_peso": "17,90 \u20ac/kg", "precio": "8,95 \u20ac", "oferta": "", "supermercado": "Carrefour"},
{"query": "Solomillo de cerdo", "nombre": "Solomillo de cerdo al romero Extratiernos El Pozo 750 g aprox", "imagen_src": "https://static.carrefour.es/hd_350x_/img_pim_food/980807_00_1.jpg", "precio_peso": "9,70 \u20ac/kg", "precio": "7,28 \u20ac", "oferta": "", "supermercado": "Carrefour"},
{"query": "Solomillo de cerdo", "nombre": "", "imagen_src": "https://static.carrefour.es/hd_350x_/img_pim_food/980753_00_1.jpg", "precio_peso": "", "precio": "", "oferta": "", "supermercado": "Carrefour"},
{"query": "Solomillo de cerdo", "nombre": "", "imagen_src": "https://static.carrefour.es/hd_350x_/img_pim_food/465449_00_1.jpg", "precio_peso": "", "precio": "", "oferta": "", "supermercado": "Carrefour"},
],
[
{"query": "Costilla de cerdo", "nombre": "Costilla troceada de cerdo Circulo de Calidad 600 g aprox", "imagen_src": "https://static.carrefour.es/hd_350x_/img_pim_food/677671_00_1.jpg", "precio_peso": "7,90 \u20ac/kg", "precio": "4,74 \u20ac", "oferta": "", "supermercado": "Carrefour"},
{"query": "Costilla de cerdo", "nombre": "Costilla de Cerdo Iberico Adobada Carrefour 750 g aprox", "imagen_src": "https://static.carrefour.es/hd_350x_/img_pim_food/612708_00_1.jpg", "precio_peso": "5,49 \u20ac/kg", "precio": "4,12 \u20ac", "oferta": "", "supermercado": "Carrefour"},
{"query": "Costilla de cerdo", "nombre": "Tira de costilla de cerdo Circulo de Calidad 1 kg aprox", "imagen_src": "https://static.carrefour.es/hd_350x_/img_pim_food/234178_00_1.jpg", "precio_peso": "7,69 \u20ac/kg", "precio": "7,69 \u20ac", "oferta": "", "supermercado": "Carrefour"},
{"query": "Costilla de cerdo", "nombre": "Costilla de cerdo adobada 650 g aprox", "imagen_src": "https://static.carrefour.es/hd_350x_/img_pim_food/297338_00_1.jpg", "precio_peso": "8,40 \u20ac/kg", "precio": "5,46 \u20ac", "oferta": "", "supermercado": "Carrefour"},
{"query": "Costilla de cerdo", "nombre": "", "imagen_src": "https://static.carrefour.es/hd_350x_/img_pim_food/472181_00_1.jpg", "precio_peso": "", "precio": "6,50 \u20ac", "oferta": "", "supermercado": "Carrefour"},
],
[
{"query": "Codillo de cerdo", "nombre": "Codillo de cerdo entero asado al estilo aleman Cascajares 650 g", "imagen_src": "https://static.carrefour.es/hd_350x_/img_pim_food/472171_00_1.jpg", "precio_peso": "10 \u20ac/kg", "precio": "6,50 \u20ac", "oferta": "", "supermercado": "Carrefour"},
{"query": "Codillo de cerdo", "nombre": "Codillo de jamon asado Tello 600 g", "imagen_src": "https://static.carrefour.es/hd_350x_/img_pim_food/463137_00_1.jpg", "precio_peso": "5,95 \u20ac/ud", "precio": "5,95 \u20ac", "oferta": "", "supermercado": "Carrefour"},
{"query": "Codillo de cerdo", "nombre": "Codillo salmuerizado extratiernos 1 kg aprox", "imagen_src": "https://static.carrefour.es/hd_350x_/img_pim_food/503722_00_1.jpg", "precio_peso": "5,99 \u20ac/kg", "precio": "5,99 \u20ac", "oferta": "", "supermercado": "Carrefour"},
],
[
{"query": "Costilla ternera", "nombre": "Costilla Churrasco de anojo Calidad y Origen Carrefour 900 g aprox", "imagen_src": "https://static.carrefour.es/hd_350x_/img_pim_food/842670_00_1.jpg", "precio_peso": "10,79 \u20ac/kg", "precio": "9,71 \u20ac", "oferta": "", "supermercado": "Carrefour"},
],
[
{"query": "Entrecot de ternera", "nombre": "Entrecot De Ternera", "imagen_src": "https://static.carrefour.es/hd_350x_/imagenes/products/21000/00143/430/2100000143430/imagenGrande1.jpg", "precio_peso": "", "precio": "16,99 \u20ac", "oferta": "", "supermercado": "Carrefour"},
{"query": "Entrecot de ternera", "nombre": "Entrecot de ternera blanca Carrefour 500 g aprox", "imagen_src": "https://static.carrefour.es/hd_350x_/img_pim_food/035593_00_1.jpg", "precio_peso": "24,40 \u20ac/kg", "precio": "12,20 \u20ac", "oferta": "", "supermercado": "Carrefour"},
{"query": "Entrecot de ternera", "nombre": "Entrecot de anojo Calidad y Origen Carrefour 500 g aprox", "imagen_src": "https://static.carrefour.es/hd_350x_/img_pim_food/126668_00_1.jpg", "precio_peso": "18,89 \u20ac/kg", "precio": "9,44 \u20ac", "oferta": "", "supermercado": "Carrefour"},
{"query": "Entrecot de ternera", "nombre": "Entrecot/Lomo de anojo Calidad y Origen Carrefour 500 g aprox", "imagen_src": "https://static.carrefour.es/hd_350x_/img_pim_food/842661_00_1.jpg", "precio_peso": "15,89 \u20ac/kg", "precio": "7,94 \u20ac", "oferta": "", "supermercado": "Carrefour"},
{"query": "Entrecot de ternera", "nombre": "", "imagen_src": "https://static.carrefour.es/hd_350x_/img_pim_food/126469_00_1.jpg", "precio_peso": "", "precio": "", "oferta": "", "supermercado": "Carrefour"},
{"query": "Entrecot de ternera", "nombre": "", "imagen_src": "https://static.carrefour.es/hd_350x_/imagenes/products/21000/00143/447/2100000143447/imagenGrande1.jpg", "precio_peso": "", "precio": "", "oferta": "", "supermercado": "Carrefour"},
],
[
],
[
{"query": "Solomillo ternera", "nombre": "Solomillo De Ternera", "imagen_src": "https://static.carrefour.es/hd_350x_/imagenes/products/21000/00143/429/2100000143429/imagenGrande1.jpg", "precio_peso": "", "precio": "34,99 \u20ac", "oferta": "", "supermercado": "Carrefour"},
{"query": "Solomillo ternera", "nombre": "Solomillo de vacuno 500 g aprox", "imagen_src": "https://static.carrefour.es/hd_350x_/img_pim_food/763475_00_1.jpg", "precio_peso": "32,40 \u20ac/kg", "precio": "16,20 \u20ac", "oferta": "", "supermercado": "Carrefour"},
{"query": "Solomillo ternera", "nombre": "Solomillo de anojo Calidad y Origen Carrefour 500 g aprox", "imagen_src": "https://static.carrefour.es/hd_350x_/img_pim_food/842676_00_1.jpg", "precio_peso": "34,90 \u20ac/kg", "precio": "17,45 \u20ac", "oferta": "", "supermercado": "Carrefour"},
{"query": "Solomillo ternera", "nombre": "Medallon de solomillo de vacuno 500 g aprox", "imagen_src": "https://static.carrefour.es/hd_350x_/img_pim_food/955734_00_1.jpg", "precio_peso": "32,40 \u20ac/kg", "precio": "16,20 \u20ac", "oferta": "", "supermercado": "Carrefour"},
{"query": "Solomillo ternera", "nombre": "", "imagen_src": "https://static.carrefour.es/hd_350x_/imagenes/products/21000/00143/446/2100000143446/imagenGrande1.jpg", "precio_peso": "", "precio": "", "oferta": "", "supermercado": "Carrefour"},
{"query": "Solomillo ternera", "nombre": "", "imagen_src": "https://static.carrefour.es/hd_350x_/img_pim_food/126449_00_1.jpg", "precio_peso": "", "precio": "", "oferta": "", "supermercado": "Carrefour"},
],
[
{"query": "H\u00edgado de ternera", "nombre": "Higado de ternera fileteado Carnicas Meca 550 g", "imagen_src": "https://static.carrefour.es/hd_350x_/img_pim_food/289094_00_1.jpg", "precio_peso": "7,70 \u20ac/kg", "precio": "4,23 \u20ac", "oferta": "", "supermercado": "Carrefour"},
],
[
{"query": "Chuleta cordero", "nombre": "Chuletas de cordero lechal de pierna y paletilla Mama Cordero 500 g aprox", "imagen_src": "https://static.carrefour.es/hd_350x_/img_pim_food/050343_00_1.jpg", "precio_peso": "32,90 \u20ac/kg", "precio": "16,45 \u20ac", "oferta": "", "supermercado": "Carrefour"},
],
[
{"query": "H\u00edgado cordero", "nombre": "Cable Termico Con Proteccion Contra Heladas 24 M 384 W 223591 Kerbl", "imagen_src": "https://static.carrefour.es/hd_350x_/imagenes/products/40186/53035/429/4018653035429/imagenGrande1.jpg", "precio_peso": "", "precio": "92,33 \u20ac", "oferta": "", "supermercado": "Carrefour"},
],
[
{"query": "Pollo sin piel", "nombre": "Contramuslo de pollo campero sin piel Calidad y Origen Carrefour 600 g aprox", "imagen_src": "https://static.carrefour.es/hd_350x_/img_pim_food/826989_00_1.jpg", "precio_peso": "9,30 \u20ac/kg", "precio": "5,58 \u20ac", "oferta": "", "supermercado": "Carrefour"},
],
[
{"query": "Muslo de pollo", "nombre": "Jamoncitos de pollo Carrefour 1,2 kg aprox", "imagen_src": "https://static.carrefour.es/hd_350x_/img_pim_food/962349_00_1.jpg", "precio_peso": "4,49 \u20ac/kg", "precio": "5,39 \u20ac", "oferta": "", "supermercado": "Carrefour"},
{"query": "Muslo de pollo", "nombre": "Jamoncitos de pollo certificado Carrefour 600 g aprox", "imagen_src": "https://static.carrefour.es/hd_350x_/img_pim_food/094666_00_1.jpg", "precio_peso": "6,10 \u20ac/kg", "precio": "3,66 \u20ac", "oferta": "", "supermercado": "Carrefour"},
{"query": "Muslo de pollo", "nombre": "Jamoncitos de pollo campero Calidad y Origen Carrefour 650 g aprox", "imagen_src": "https://static.carrefour.es/hd_350x_/img_pim_food/826987_00_1.jpg", "precio_peso": "8,90 \u20ac/kg", "precio": "5,78 \u20ac", "oferta": "", "supermercado": "Carrefour"},
{"query": "Muslo de pollo", "nombre": "Jamoncitos de Pollo Congelado 1 kg", "imagen_src": "https://static.carrefour.es/hd_350x_/img_pim_food/413333_00_1.jpg", "precio_peso": "3,15 \u20ac/kg", "precio": "3,15 \u20ac", "oferta": "", "supermercado": "Carrefour"},
{"query": "Muslo de pollo", "nombre": "", "imagen_src": "https://static.carrefour.es/hd_350x_/imagenes/products/00779/24010/835/0077924010835/imagenGrande1.jpg", "precio_peso": "", "precio": "35 \u20ac", "oferta": "", "supermercado": "Carrefour"},
{"query": "Muslo de pollo", "nombre": "", "imagen_src": "https://static.carrefour.es/hd_350x_/imagenes/products/00779/24021/374/0077924021374/imagenGrande1.jpg", "precio_peso": "", "precio": "29 \u20ac", "oferta": "", "supermercado": "Carrefour"},
],
[
{"query": "Pechuga de pollo", "nombre": "Pechuga de pollo Carrefour 1,2 kg aprox", "imagen_src": "https://static.carrefour.es/hd_350x_/img_pim_food/961474_00_1.jpg", "precio_peso": "5,79 \u20ac/kg", "precio": "6,95 \u20ac", "oferta": "", "supermercado": "Carrefour"},
{"query": "Pechuga de pollo", "nombre": "Pechuga de pollo fileteada 1,4 kg aprox", "imagen_src": "https://static.carrefour.es/hd_350x_/img_pim_food/961475_00_1.jpg", "precio_peso": "7,95 \u20ac/kg", "precio": "11,13 \u20ac", "oferta": "", "supermercado": "Carrefour"},
{"query": "Pechuga de pollo", "nombre": "Pechuga de pollo corte extrafino Roler 320 g", "imagen_src": "https://static.carrefour.es/hd_350x_/img_pim_food/324133_00_1.jpg", "precio_peso": "4,50 \u20ac/ud", "precio": "4,50 \u20ac", "oferta": "", "supermercado": "Carrefour"},
{"query": "Pechuga de pollo", "nombre": "Pechuga de pollo certificado en filetes Carrefour 500 g aprox", "imagen_src": "https://static.carrefour.es/hd_350x_/img_pim_food/887244_00_1.jpg", "precio_peso": "9,05 \u20ac/kg", "precio": "4,52 \u20ac", "oferta": "", "supermercado": "Carrefour"},
{"query": "Pechuga de pollo", "nombre": "", "imagen_src": "https://static.carrefour.es/hd_350x_/img_pim_food/094679_00_1.jpg", "precio_peso": "8,85 \u20ac/kg", "precio": "3,54 \u20ac", "oferta": "", "supermercado": "Carrefour"},
{"query": "Pechuga de pollo", "nombre": "", "imagen_src": "https://static.carrefour.es/hd_350x_/img_pim_food/826982_00_1.jpg", "precio_peso": "14,20 \u20ac/kg", "precio": "7,10 \u20ac", "oferta": "", "supermercado": "Carrefour"},
],
[
{"query": "Higado de pollo", "nombre": "Catit Divine Shreds - Sopas De Pollo Para Gatos - Higado Y Brocoli", "imagen_src": "https://static.carrefour.es/hd_350x_/imagenes/products/22517/44682/900/2251744682900/imagenGrande1.jpg", "precio_peso": "", "precio": "22,20 \u20ac", "oferta": "", "supermercado": "Carrefour"},
{"query": "Higado de pollo", "nombre": "Comida humeda de higado y pollo para gato adulto Purina Gourmet 85 g", "imagen_src": "https://static.carrefour.es/hd_350x_/crs/cdn_static/catalog/hd/139701_00_1.jpg", "precio_peso": "", "precio": "0,73 \u20ac", "oferta": "", "supermercado": "Carrefour"},
],
[
{"query": "Conejo", "nombre": "Medio conejo troceado Calidad y Origen Carrefour 650 g aprox", "imagen_src": "https://static.carrefour.es/hd_350x_/img_pim_food/793575_00_1.jpg", "precio_peso": "6,69 \u20ac/kg", "precio": "4,35 \u20ac", "oferta": "", "supermercado": "Carrefour"},
{"query": "Conejo", "nombre": "Conejo entero Calidad y Origen Carrefour 1,5 kg aprox", "imagen_src": "https://static.carrefour.es/hd_350x_/img_pim_food/792739_00_1.jpg", "precio_peso": "6,69 \u20ac/kg", "precio": "10,03 \u20ac", "oferta": "", "supermercado": "Carrefour"},
{"query": "Conejo", "nombre": "Paletilla de conejo Calidad y Origen Carrefour 500 g aprox", "imagen_src": "https://static.carrefour.es/hd_350x_/img_pim_food/793576_00_1.jpg", "precio_peso": "14,95 \u20ac/kg", "precio": "7,47 \u20ac", "oferta": "", "supermercado": "Carrefour"},
{"query": "Conejo", "nombre": "Medio conejo a cuartos Calidad y Origen Carrefour 550 g aprox", "imagen_src": "https://static.carrefour.es/hd_350x_/img_pim_food/545777_00_1.jpg", "precio_peso": "6,89 \u20ac/kg", "precio": "3,79 \u20ac", "oferta": "", "supermercado": "Carrefour"},
{"query": "Conejo", "nombre": "", "imagen_src": "https://static.carrefour.es/hd_350x_/imagenes/products/97884/08185/444/9788408185444/imagenGrande1.jpg", "precio_peso": "", "precio": "", "oferta": "", "supermercado": "Carrefour"},
{"query": "Conejo", "nombre": "", "imagen_src": "https://static.carrefour.es/hd_350x_/crs/cdn_static/catalog/hd/904605_00_1.jpg", "precio_peso": "", "precio": "", "oferta": "", "supermercado": "Carrefour"},
],
[
{"query": "Carne picada", "nombre": "Preparado de carne picada de vacuno Carrefour 500 g", "imagen_src": "https://static.carrefour.es/hd_350x_/img_pim_food/050315_00_1.jpg", "precio_peso": "7,48 \u20ac/kg", "precio": "3,74 \u20ac", "oferta": "", "supermercado": "Carrefour"},
{"query": "Carne picada", "nombre": "Preparado de carne picada mixta Carrefour 500 g", "imagen_src": "https://static.carrefour.es/hd_350x_/img_pim_food/050406_00_1.jpg", "precio_peso": "7 \u20ac/kg", "precio": "3,50 \u20ac", "oferta": "", "supermercado": "Carrefour"},
{"query": "Carne picada", "nombre": "Preparado de carne picada de cerdo Carrefour 500 g", "imagen_src": "https://static.carrefour.es/hd_350x_/img_pim_food/050334_00_1.jpg", "precio_peso": "4,78 \u20ac/kg", "precio": "2,39 \u20ac", "oferta": "", "supermercado": "Carrefour"},
{"query": "Carne picada", "nombre": "Preparado de carne picada de vacuno Carrefour 2x450 g", "imagen_src": "https://static.carrefour.es/hd_350x_/img_pim_food/278448_00_1.jpg", "precio_peso": "6,18 \u20ac/kg", "precio": "5,56 \u20ac", "oferta": "", "supermercado": "Carrefour"},
{"query": "Carne picada", "nombre": "", "imagen_src": "https://static.carrefour.es/hd_350x_/img_pim_food/278310_00_1.jpg", "precio_peso": "", "precio": "5,17 \u20ac", "oferta": "", "supermercado": "Carrefour"},
{"query": "Carne picada", "nombre": "", "imagen_src": "https://static.carrefour.es/hd_350x_/img_pim_food/360568_00_1.jpg", "precio_peso": "", "precio": "3,89 \u20ac", "oferta": "", "supermercado": "Carrefour"},
],
[
{"query": "Longaniza", "nombre": "Longaniza blanca de cerdo fresca ElPozo 650 g", "imagen_src": "https://static.carrefour.es/hd_350x_/img_pim_food/042813_00_1.jpg", "precio_peso": "4,60 \u20ac/kg", "precio": "2,99 \u20ac", "oferta": "", "supermercado": "Carrefour"},
{"query": "Longaniza", "nombre": "Longaniza de payes en lonchas Carrefour sin gluten 100 g.", "imagen_src": "https://static.carrefour.es/hd_350x_/img_pim_food/709726_00_1.jpg", "precio_peso": "11 \u20ac/kg", "precio": "1,10 \u20ac", "oferta": "", "supermercado": "Carrefour"},
{"query": "Longaniza", "nombre": "Longaniza blanca fresca La Nuncia 500 g", "imagen_src": "https://static.carrefour.es/hd_350x_/img_pim_food/769477_00_1.jpg", "precio_peso": "5,60 \u20ac/kg", "precio": "2,80 \u20ac", "oferta": "", "supermercado": "Carrefour"},
{"query": "Longaniza", "nombre": "Longaniza de pavo extra Carrefour sin gluten pack de 2 unidades de 62,5 g.", "imagen_src": "https://static.carrefour.es/hd_350x_/img_pim_food/709763_00_1.jpg", "precio_peso": "14,32 \u20ac/kg", "precio": "1,79 \u20ac", "oferta": "", "supermercado": "Carrefour"},
{"query": "Longaniza", "nombre": "", "imagen_src": "https://static.carrefour.es/hd_350x_/img_pim_food/803026_00_1.jpg", "precio_peso": "", "precio": "", "oferta": "", "supermercado": "Carrefour"},
{"query": "Longaniza", "nombre": "", "imagen_src": "https://static.carrefour.es/hd_350x_/img_pim_food/709900_00_1.jpg", "precio_peso": "", "precio": "", "oferta": "", "supermercado": "Carrefour"},
],
[
],
[
{"query": "Longaniza de pavo", "nombre": "Longaniza de pavo extra Carrefour sin gluten pack de 2 unidades de 62,5 g.", "imagen_src": "https://static.carrefour.es/hd_350x_/img_pim_food/709763_00_1.jpg", "precio_peso": "14,32 \u20ac/kg", "precio": "1,79 \u20ac", "oferta": "", "supermercado": "Carrefour"},
],
[
],
[
{"query": "Hamburguesa de ternera", "nombre": "Hamburguesas de vacuno ecologica Carrefour Bio 2x120 g", "imagen_src": "https://static.carrefour.es/hd_350x_/img_pim_food/126474_00_1.jpg", "precio_peso": "12,46 \u20ac/kg", "precio": "2,99 \u20ac", "oferta": "", "supermercado": "Carrefour"},
{"query": "Hamburguesa de ternera", "nombre": "Hamburguesa de vacuno Master de Lomo Extremadura El Encinar de la Humienta 2x180 g", "imagen_src": "https://static.carrefour.es/hd_350x_/img_pim_food/972424_00_1.jpg", "precio_peso": "10,53 \u20ac/kg", "precio": "3,79 \u20ac", "oferta": "", "supermercado": "Carrefour"},
{"query": "Hamburguesa de ternera", "nombre": "Hamburguesa de vacuno pata negra 2x150 gr", "imagen_src": "https://static.carrefour.es/hd_350x_/img_pim_food/826359_00_1.jpg", "precio_peso": "16,30 \u20ac/kg", "precio": "4,89 \u20ac", "oferta": "", "supermercado": "Carrefour"},
{"query": "Hamburguesa de ternera", "nombre": "Hamburguesa de Vacuno Wagyu Santa Rosalia 2x150 g", "imagen_src": "https://static.carrefour.es/hd_350x_/img_pim_food/714399_00_1.jpg", "precio_peso": "26,97 \u20ac/kg", "precio": "8,09 \u20ac", "oferta": "", "supermercado": "Carrefour"},
{"query": "Hamburguesa de ternera", "nombre": "", "imagen_src": "https://static.carrefour.es/hd_350x_/img_pim_food/582340_00_1.jpg", "precio_peso": "", "precio": "", "oferta": "", "supermercado": "Carrefour"},
{"query": "Hamburguesa de ternera", "nombre": "", "imagen_src": "https://static.carrefour.es/hd_350x_/imagenes/products/36081/10308/077/3608110308077/imagenGrande1.jpg", "precio_peso": "", "precio": "", "oferta": "", "supermercado": "Carrefour"},
],
[
{"query": "Frankfurt", "nombre": "Salchichas Frankfurt Campofrio pack de 4 unidades de 140 g.", "imagen_src": "https://static.carrefour.es/hd_350x_/img_pim_food/177375_00_1.jpg", "precio_peso": "3,48 \u20ac/kg", "precio": "1,95 \u20ac", "oferta": "", "supermercado": "Carrefour"},
{"query": "Frankfurt", "nombre": "Salchichas Frankfurt ahumadas Carrefour 250 g.", "imagen_src": "https://static.carrefour.es/hd_350x_/img_pim_food/230427_00_1.jpg", "precio_peso": "8,36 \u20ac/kg", "precio": "2,09 \u20ac", "oferta": "", "supermercado": "Carrefour"},
{"query": "Frankfurt", "nombre": "Salchichas Frankfurt aleman Schara sin gluten sin lactosa 340 g.", "imagen_src": "https://static.carrefour.es/hd_350x_/img_pim_food/786307_00_1.jpg", "precio_peso": "11,62 \u20ac/kg", "precio": "3,95 \u20ac", "oferta": "", "supermercado": "Carrefour"},
{"query": "Frankfurt", "nombre": "Salchichas con queso fundido estilo frankfurt Carrefour pack de 4 sobres de 140 g.", "imagen_src": "https://static.carrefour.es/hd_350x_/img_pim_food/399377_00_1.jpg", "precio_peso": "2,48 \u20ac/kg", "precio": "1,39 \u20ac", "oferta": "", "supermercado": "Carrefour"},
{"query": "Frankfurt", "nombre": "", "imagen_src": "https://static.carrefour.es/hd_350x_/img_pim_food/399385_00_1.jpg", "precio_peso": "", "precio": "", "oferta": "", "supermercado": "Carrefour"},
{"query": "Frankfurt", "nombre": "", "imagen_src": "https://static.carrefour.es/hd_350x_/img_pim_food/529783_00_1.jpg", "precio_peso": "", "precio": "", "oferta": "", "supermercado": "Carrefour"},
],
[
{"query": "Morcilla", "nombre": "Morcilla de cebolla Carrefour 400 g", "imagen_src": "https://static.carrefour.es/hd_350x_/img_pim_food/822590_00_1.jpg", "precio_peso": "7,75 \u20ac/kg", "precio": "3,10 \u20ac", "oferta": "", "supermercado": "Carrefour"},
{"query": "Morcilla", "nombre": "Morcilla de Burgos Embutidos Rios 660 g", "imagen_src": "https://static.carrefour.es/hd_350x_/img_pim_food/791459_00_1.jpg", "precio_peso": "4,83 \u20ac/kg", "precio": "2,90 \u20ac", "oferta": "", "supermercado": "Carrefour"},
{"query": "Morcilla", "nombre": "Morcilla de Burgos De Nuestra Tierra 350 g aprox", "imagen_src": "https://static.carrefour.es/hd_350x_/img_pim_food/454965_00_1.jpg", "precio_peso": "6,29 \u20ac/kg", "precio": "2,20 \u20ac", "oferta": "", "supermercado": "Carrefour"},
{"query": "Morcilla", "nombre": "Morcilla de Arroz Carrefour 400 g", "imagen_src": "https://static.carrefour.es/hd_350x_/img_pim_food/822600_00_1.jpg", "precio_peso": "7,75 \u20ac/kg", "precio": "3,10 \u20ac", "oferta": "", "supermercado": "Carrefour"},
{"query": "Morcilla", "nombre": "", "imagen_src": "https://static.carrefour.es/hd_350x_/img_pim_food/893165_00_1.jpg", "precio_peso": "", "precio": "", "oferta": "", "supermercado": "Carrefour"},
{"query": "Morcilla", "nombre": "", "imagen_src": "https://static.carrefour.es/hd_350x_/img_pim_food/051580_00_1.jpg", "precio_peso": "", "precio": "", "oferta": "", "supermercado": "Carrefour"},
],
[
{"query": "Jam\u00f3n Serrano", "nombre": "Jamon serrano reserva en lonchas Carrefour El Mercado 240 g", "imagen_src": "https://static.carrefour.es/hd_350x_/img_pim_food/593809_00_1.jpg", "precio_peso": "13,71 \u20ac/kg", "precio": "3,29 \u20ac", "oferta": "", "supermercado": "Carrefour"},
{"query": "Jam\u00f3n Serrano", "nombre": "Jamon serrano reserva medias lonchas Carrefour sin lactosa pack de 2 unidades de 120 g.", "imagen_src": "https://static.carrefour.es/hd_350x_/img_pim_food/709740_00_1.jpg", "precio_peso": "14,75 \u20ac/kg", "precio": "3,54 \u20ac", "oferta": "", "supermercado": "Carrefour"},
{"query": "Jam\u00f3n Serrano", "nombre": "Jamon serrano reserva en lonchas Carrefour El Mercado 100 g", "imagen_src": "https://static.carrefour.es/hd_350x_/img_pim_food/593810_00_1.jpg", "precio_peso": "19,90 \u20ac/kg", "precio": "1,99 \u20ac", "oferta": "", "supermercado": "Carrefour"},
{"query": "Jam\u00f3n Serrano", "nombre": "Jamon curado en lonchas Navidul sin gluten 50 g.", "imagen_src": "https://static.carrefour.es/hd_350x_/img_pim_food/698960_00_1.jpg", "precio_peso": "20 \u20ac/kg", "precio": "1 \u20ac", "oferta": "", "supermercado": "Carrefour"},
{"query": "Jam\u00f3n Serrano", "nombre": "", "imagen_src": "https://static.carrefour.es/hd_350x_/img_pim_food/593821_00_1.jpg", "precio_peso": "", "precio": "", "oferta": "", "supermercado": "Carrefour"},
{"query": "Jam\u00f3n Serrano", "nombre": "", "imagen_src": "https://static.carrefour.es/hd_350x_/img_pim_food/235409_00_1.jpg", "precio_peso": "", "precio": "", "oferta": "", "supermercado": "Carrefour"},
],
[
{"query": "Jam\u00f3n Cocido", "nombre": "Jamon cocido extra lonchas finas Carrefour pack de 2 unidades de 200 g.", "imagen_src": "https://static.carrefour.es/hd_350x_/img_pim_food/710696_00_1.jpg", "precio_peso": "8,17 \u20ac/kg", "precio": "3,27 \u20ac", "oferta": "", "supermercado": "Carrefour"},
{"query": "Jam\u00f3n Cocido", "nombre": "Jamon cocido extra sin fosfatos anadidos Carrefour 250 g.", "imagen_src": "https://static.carrefour.es/hd_350x_/img_pim_food/710671_00_1.jpg", "precio_peso": "8,60 \u20ac/kg", "precio": "2,15 \u20ac", "oferta": "", "supermercado": "Carrefour"},
{"query": "Jam\u00f3n Cocido", "nombre": "Jamon cocido extra loncheado Ricura El Pozo sin gluten 300 g", "imagen_src": "https://static.carrefour.es/hd_350x_/img_pim_food/987301_00_1.jpg", "precio_peso": "6,33 \u20ac/kg", "precio": "1,90 \u20ac", "oferta": "", "supermercado": "Carrefour"},
{"query": "Jam\u00f3n Cocido", "nombre": "Jamon cocido extra lonchas Embutidos Noel Gran Bouquet sin gluten y sin lactosa 180 g", "imagen_src": "https://static.carrefour.es/hd_350x_/img_pim_food/794887_00_1.jpg", "precio_peso": "11,67 \u20ac/kg", "precio": "2,10 \u20ac", "oferta": "", "supermercado": "Carrefour"},
{"query": "Jam\u00f3n Cocido", "nombre": "", "imagen_src": "https://static.carrefour.es/hd_350x_/img_pim_food/710679_00_1.jpg", "precio_peso": "", "precio": "", "oferta": "", "supermercado": "Carrefour"},
{"query": "Jam\u00f3n Cocido", "nombre": "", "imagen_src": "https://static.carrefour.es/hd_350x_/img_pim_food/710118_00_1.jpg", "precio_peso": "", "precio": "", "oferta": "", "supermercado": "Carrefour"},
],
[
{"query": "Pechuga de pavo", "nombre": "Pechuga de pavo en lonchas finas bajo contenido en grasas y reducido en sal Carefour sin gluten pack de 2 unidades de 200 g.", "imagen_src": "https://static.carrefour.es/hd_350x_/img_pim_food/710680_00_1.jpg", "precio_peso": "8,25 \u20ac/kg", "precio": "3,30 \u20ac", "oferta": "", "supermercado": "Carrefour"},
{"query": "Pechuga de pavo", "nombre": "Pechuga de pavo en lonchas finas Campofrio - Finissimas sin gluten sin lactosa 115 g.", "imagen_src": "https://static.carrefour.es/hd_350x_/img_pim_food/699370_00_1.jpg", "precio_peso": "16,26 \u20ac/kg", "precio": "1,87 \u20ac", "oferta": "", "supermercado": "Carrefour"},
{"query": "Pechuga de pavo", "nombre": "Pechuga de pavo Carrefour sin gluten 200 g.", "imagen_src": "https://static.carrefour.es/hd_350x_/img_pim_food/710469_00_1.jpg", "precio_peso": "9,40 \u20ac/kg", "precio": "1,88 \u20ac", "oferta": "", "supermercado": "Carrefour"},
{"query": "Pechuga de pavo", "nombre": "Pechuga de pavo en finas lonchas El Pozo sin gluten 85 g.", "imagen_src": "https://static.carrefour.es/hd_350x_/img_pim_food/710877_00_1.jpg", "precio_peso": "11,76 \u20ac/kg", "precio": "1 \u20ac", "oferta": "", "supermercado": "Carrefour"},
{"query": "Pechuga de pavo", "nombre": "", "imagen_src": "https://static.carrefour.es/hd_350x_/img_pim_food/039636_00_1.jpg", "precio_peso": "", "precio": "", "oferta": "", "supermercado": "Carrefour"},
{"query": "Pechuga de pavo", "nombre": "", "imagen_src": "https://static.carrefour.es/hd_350x_/img_pim_food/698818_00_1.jpg", "precio_peso": "", "precio": "", "oferta": "", "supermercado": "Carrefour"},
],
[
{"query": "Chorizo en lonchas", "nombre": "Chorizo Pamplona en lonchas Revilla sin gluten 70 g.", "imagen_src": "https://static.carrefour.es/hd_350x_/img_pim_food/699043_00_1.jpg", "precio_peso": "14,29 \u20ac/kg", "precio": "1 \u20ac", "oferta": "", "supermercado": "Carrefour"},
{"query": "Chorizo en lonchas", "nombre": "Chorizo iberico extra en finas lonchas Esencia Iberica Boadas 1880 100 g", "imagen_src": "https://static.carrefour.es/hd_350x_/img_pim_food/328868_00_1.jpg", "precio_peso": "29,50 \u20ac/kg", "precio": "2,95 \u20ac", "oferta": "", "supermercado": "Carrefour"},
{"query": "Chorizo en lonchas", "nombre": "Chorizo iberico de cebo en lonchas Juan Luna sin gluten 100 g", "imagen_src": "https://static.carrefour.es/hd_350x_/img_pim_food/907799_00_1.jpg", "precio_peso": "24 \u20ac/kg", "precio": "2,40 \u20ac", "oferta": "", "supermercado": "Carrefour"},
{"query": "Chorizo en lonchas", "nombre": "Chorizo extra con pimienta en lonchas Carrefour Extra sin gluten 100 g.", "imagen_src": "https://static.carrefour.es/hd_350x_/img_pim_food/711267_00_1.jpg", "precio_peso": "14,50 \u20ac/kg", "precio": "1,45 \u20ac", "oferta": "", "supermercado": "Carrefour"},
{"query": "Chorizo en lonchas", "nombre": "", "imagen_src": "https://static.carrefour.es/hd_350x_/img_pim_food/709797_00_1.jpg", "precio_peso": "", "precio": "", "oferta": "", "supermercado": "Carrefour"},
{"query": "Chorizo en lonchas", "nombre": "", "imagen_src": "https://static.carrefour.es/hd_350x_/img_pim_food/709380_00_1.jpg", "precio_peso": "", "precio": "", "oferta": "", "supermercado": "Carrefour"},
],
[
{"query": "Fuet", "nombre": "Fuet espetec curado 25% reducido en sal Casademont 170 g", "imagen_src": "https://static.carrefour.es/hd_350x_/img_pim_food/396156_00_1.jpg", "precio_peso": "11,71 \u20ac/kg", "precio": "1,99 \u20ac", "oferta": "", "supermercado": "Carrefour"},
{"query": "Fuet", "nombre": "Fuet espetec Carrefour El Mercado 210 g", "imagen_src": "https://static.carrefour.es/hd_350x_/img_pim_food/611098_00_1.jpg", "precio_peso": "9,76 \u20ac/kg", "precio": "2,05 \u20ac", "oferta": "", "supermercado": "Carrefour"},
{"query": "Fuet", "nombre": "Fuet casero El Pozo pack de 2 unidades de 150 g.", "imagen_src": "https://static.carrefour.es/hd_350x_/img_pim_food/710672_00_1.jpg", "precio_peso": "11,50 \u20ac/kg", "precio": "3,45 \u20ac", "oferta": "", "supermercado": "Carrefour"},
{"query": "Fuet", "nombre": "Fuet extra en lonchas Calidad y Origen Carrefour 100 g", "imagen_src": "https://static.carrefour.es/hd_350x_/img_pim_food/431248_00_1.jpg", "precio_peso": "17 \u20ac/kg", "precio": "1,70 \u20ac", "oferta": "", "supermercado": "Carrefour"},
{"query": "Fuet", "nombre": "", "imagen_src": "https://static.carrefour.es/hd_350x_/img_pim_food/698150_00_1.jpg", "precio_peso": "", "precio": "", "oferta": "", "supermercado": "Carrefour"},
{"query": "Fuet", "nombre": "", "imagen_src": "https://static.carrefour.es/hd_350x_/img_pim_food/122981_00_1.jpg", "precio_peso": "", "precio": "", "oferta": "", "supermercado": "Carrefour"},
],
[
{"query": "Lomo embuchado", "nombre": "Lomo embuchado bipack Carrefour sin gluten y sin lactosa 75x2 g", "imagen_src": "https://static.carrefour.es/hd_350x_/img_pim_food/278518_00_1.jpg", "precio_peso": "13,27 \u20ac/kg", "precio": "1,99 \u20ac", "oferta": "", "supermercado": "Carrefour"},
{"query": "Lomo embuchado", "nombre": "Lomo embuchado en lonchas Carrefour sin gluten sin lactosa pack de 4 unidades de 31,25 g.", "imagen_src": "https://static.carrefour.es/hd_350x_/img_pim_food/709767_00_1.jpg", "precio_peso": "14,40 \u20ac/kg", "precio": "1,80 \u20ac", "oferta": "", "supermercado": "Carrefour"},
{"query": "Lomo embuchado", "nombre": "Lomo embuchado Salamanca Carrefour taco de 450 g aprox", "imagen_src": "https://static.carrefour.es/hd_350x_/img_pim_food/199102_00_1.jpg", "precio_peso": "18,90 \u20ac/kg", "precio": "8,50 \u20ac", "oferta": "", "supermercado": "Carrefour"},
{"query": "Lomo embuchado", "nombre": "Lomo embuchado curado en lonchas Embutidos Espana bipack de 2x75 g", "imagen_src": "https://static.carrefour.es/hd_350x_/img_pim_food/954631_00_1.jpg", "precio_peso": "20,33 \u20ac/kg", "precio": "3,05 \u20ac", "oferta": "", "supermercado": "Carrefour"},
{"query": "Lomo embuchado", "nombre": "", "imagen_src": "https://static.carrefour.es/hd_350x_/img_pim_food/436676_00_1.jpg", "precio_peso": "", "precio": "", "oferta": "", "supermercado": "Carrefour"},
{"query": "Lomo embuchado", "nombre": "", "imagen_src": "https://static.carrefour.es/hd_350x_/img_pim_food/709541_00_1.jpg", "precio_peso": "", "precio": "", "oferta": "", "supermercado": "Carrefour"},
],
[
{"query": "Sobrasada", "nombre": "Sobrasada El Pozo 250 g.", "imagen_src": "https://static.carrefour.es/hd_350x_/img_pim_food/711185_00_1.jpg", "precio_peso": "7,56 \u20ac/kg", "precio": "1,89 \u20ac", "oferta": "", "supermercado": "Carrefour"},
{"query": "Sobrasada", "nombre": "Sobrasada de Mallorca El Zagal sin gluten 200 g.", "imagen_src": "https://static.carrefour.es/hd_350x_/img_pim_food/709639_00_1.jpg", "precio_peso": "12,25 \u20ac/kg", "precio": "2,45 \u20ac", "oferta": "", "supermercado": "Carrefour"},
{"query": "Sobrasada", "nombre": "Sobrasada de Mallorca etiqueta negra El Zagal 200 g.", "imagen_src": "https://static.carrefour.es/hd_350x_/img_pim_food/709480_00_1.jpg", "precio_peso": "14,50 \u20ac/kg", "precio": "2,90 \u20ac", "oferta": "", "supermercado": "Carrefour"},
{"query": "Sobrasada", "nombre": "Sobrasada de Mallorca El Zagal 200 g.", "imagen_src": "https://static.carrefour.es/hd_350x_/img_pim_food/709443_00_1.jpg", "precio_peso": "12,25 \u20ac/kg", "precio": "2,45 \u20ac", "oferta": "", "supermercado": "Carrefour"},
{"query": "Sobrasada", "nombre": "", "imagen_src": "https://static.carrefour.es/hd_350x_/img_pim_food/710639_00_1.jpg", "precio_peso": "", "precio": "1,89 \u20ac", "oferta": "", "supermercado": "Carrefour"},
{"query": "Sobrasada", "nombre": "", "imagen_src": "https://static.carrefour.es/hd_350x_/img_pim_food/709562_00_1.jpg", "precio_peso": "", "precio": "3,69 \u20ac", "oferta": "", "supermercado": "Carrefour"},
],
[
{"query": "Mortadela", "nombre": "Mortadela en lonchas Carrefour sin gluten 250 g.", "imagen_src": "https://static.carrefour.es/hd_350x_/img_pim_food/710701_00_1.jpg", "precio_peso": "4,64 \u20ac/kg", "precio": "1,16 \u20ac", "oferta": "", "supermercado": "Carrefour"},
{"query": "Mortadela", "nombre": "Mortadela Bolonia en finas lonchas Carrefour sin gluten y sin lactosa 50 g", "imagen_src": "https://static.carrefour.es/hd_350x_/img_pim_food/581066_00_1.jpg", "precio_peso": "9,93 \u20ac/kg", "precio": "1,49 \u20ac", "oferta": "", "supermercado": "Carrefour"},
{"query": "Mortadela", "nombre": "Mortadela con aceitunas en lonchas Carrefour sin gluten 250 g.", "imagen_src": "https://static.carrefour.es/hd_350x_/img_pim_food/710730_00_1.jpg", "precio_peso": "4,80 \u20ac/kg", "precio": "1,20 \u20ac", "oferta": "", "supermercado": "Carrefour"},
{"query": "Mortadela", "nombre": "Mortadela con aceitunas lonchas El Pozo sin gluten 225 g.", "imagen_src": "https://static.carrefour.es/hd_350x_/img_pim_food/711232_00_1.jpg", "precio_peso": "6,31 \u20ac/kg", "precio": "1,42 \u20ac", "oferta": "", "supermercado": "Carrefour"},
{"query": "Mortadela", "nombre": "", "imagen_src": "https://static.carrefour.es/hd_350x_/img_pim_food/695380_00_1.jpg", "precio_peso": "", "precio": "", "oferta": "", "supermercado": "Carrefour"},
{"query": "Mortadela", "nombre": "", "imagen_src": "https://static.carrefour.es/hd_350x_/img_pim_food/710777_00_1.jpg", "precio_peso": "", "precio": "", "oferta": "", "supermercado": "Carrefour"},
],
[
],
[
{"query": "Alb\u00f3ndigas", "nombre": "Albondigas de cerdo Carrefour 400 g", "imagen_src": "https://static.carrefour.es/hd_350x_/img_pim_food/795473_00_1.jpg", "precio_peso": "1,89 \u20ac/ud", "precio": "1,89 \u20ac", "oferta": "", "supermercado": "Carrefour"},
{"query": "Alb\u00f3ndigas", "nombre": "Albondigas en salsa Simpl 415 g.", "imagen_src": "https://static.carrefour.es/hd_350x_/img_pim_food/237809_00_1.jpg", "precio_peso": "2,39 \u20ac/kg", "precio": "0,99 \u20ac", "oferta": "", "supermercado": "Carrefour"},
{"query": "Alb\u00f3ndigas", "nombre": "Albondigas de pollo Classic Carrefour sin gluten 415 g.", "imagen_src": "https://static.carrefour.es/hd_350x_/img_pim_food/419547_00_1.jpg", "precio_peso": "3,42 \u20ac/kg", "precio": "1,42 \u20ac", "oferta": "", "supermercado": "Carrefour"},
{"query": "Alb\u00f3ndigas", "nombre": "Albondigas en salsa Hero 430 g.", "imagen_src": "https://static.carrefour.es/hd_350x_/img_pim_food/002676_00_1.jpg", "precio_peso": "5,79 \u20ac/kg", "precio": "2,49 \u20ac", "oferta": "", "supermercado": "Carrefour"},
{"query": "Alb\u00f3ndigas", "nombre": "", "imagen_src": "https://static.carrefour.es/hd_350x_/img_pim_food/325757_00_1.jpg", "precio_peso": "", "precio": "", "oferta": "", "supermercado": "Carrefour"},
{"query": "Alb\u00f3ndigas", "nombre": "", "imagen_src": "https://static.carrefour.es/hd_350x_/img_pim_food/614456_00_1.jpg", "precio_peso": "", "precio": "", "oferta": "", "supermercado": "Carrefour"},
],
[
{"query": "Salami", "nombre": "Salami extra Revilla 70 g.", "imagen_src": "https://static.carrefour.es/hd_350x_/img_pim_food/699046_00_1.jpg", "precio_peso": "14,29 \u20ac/kg", "precio": "1 \u20ac", "oferta": "", "supermercado": "Carrefour"},
{"query": "Salami", "nombre": "Salchichon extra en lonchas Tello sin gluten bipack de 240 g", "imagen_src": "https://static.carrefour.es/hd_350x_/img_pim_food/201303_00_1.jpg", "precio_peso": "7,29 \u20ac/kg", "precio": "1,75 \u20ac", "oferta": "", "supermercado": "Carrefour"},
{"query": "Salami", "nombre": "Salami extra sin gluten 4x60 g", "imagen_src": "https://static.carrefour.es/hd_350x_/img_pim_food/655160_00_1.jpg", "precio_peso": "8,12 \u20ac/kg", "precio": "1,95 \u20ac", "oferta": "", "supermercado": "Carrefour"},
{"query": "Salami", "nombre": "Salami extra en lonchas Tello sin gluten bipack 240 g", "imagen_src": "https://static.carrefour.es/hd_350x_/img_pim_food/201316_00_1.jpg", "precio_peso": "5,75 \u20ac/kg", "precio": "1,38 \u20ac", "oferta": "", "supermercado": "Carrefour"},
{"query": "Salami", "nombre": "", "imagen_src": "https://static.carrefour.es/hd_350x_/img_pim_food/468304_00_1.jpg", "precio_peso": "", "precio": "1,85 \u20ac", "oferta": "", "supermercado": "Carrefour"},
{"query": "Salami", "nombre": "", "imagen_src": "https://static.carrefour.es/hd_350x_/img_pim_food/655154_00_1.jpg", "precio_peso": "", "precio": "1,95 \u20ac", "oferta": "", "supermercado": "Carrefour"},
],
[
{"query": "Huevo mediano", "nombre": "Camon Dos Medios Huesos Jamon Al Vacio", "imagen_src": "https://static.carrefour.es/hd_350x_/imagenes/products/21000/00281/870/2100000281870/imagenGrande1.jpg", "precio_peso": "", "precio": "1,90 \u20ac", "oferta": "", "supermercado": "Carrefour"},
{"query": "Huevo mediano", "nombre": "Camon Medio Hueso De Jamon Al Vacio", "imagen_src": "https://static.carrefour.es/hd_350x_/imagenes/products/21000/00281/875/2100000281875/imagenGrande1.jpg", "precio_peso": "", "precio": "1,40 \u20ac", "oferta": "", "supermercado": "Carrefour"},
{"query": "Huevo mediano", "nombre": "Mediterranean Medios Huesos Jamon, Al Vacio, Aprox. 370 G", "imagen_src": "https://static.carrefour.es/hd_350x_/imagenes/products/84302/35680/524/8430235680524/imagenGrande1.jpg", "precio_peso": "", "precio": "1,45 \u20ac", "oferta": "", "supermercado": "Carrefour"},
],
[
{"query": "Huevo frito", "nombre": "Pintxo de huevo frito con patatas & bacon La Cocina De Senen sin gluten 138 g.", "imagen_src": "https://static.carrefour.es/hd_350x_/img_pim_food/080165_00_1.jpg", "precio_peso": "78,91 \u20ac/kg", "precio": "10,89 \u20ac", "oferta": "", "supermercado": "Carrefour"},
{"query": "Huevo frito", "nombre": "Patatas fritas sabor huevo frito Carrefour 150 g.", "imagen_src": "https://static.carrefour.es/hd_350x_/img_pim_food/107055_00_1.jpg", "precio_peso": "8,93 \u20ac/kg", "precio": "1,34 \u20ac", "oferta": "", "supermercado": "Carrefour"},
{"query": "Huevo frito", "nombre": "Patatas fritas sabor huevo frito con jamon Vicente Vidal 135 g.", "imagen_src": "https://static.carrefour.es/hd_350x_/img_pim_food/237064_00_1.jpg", "precio_peso": "9,93 \u20ac/kg", "precio": "1,34 \u20ac", "oferta": "", "supermercado": "Carrefour"},
{"query": "Huevo frito", "nombre": "Reloj De Pared De Cristal Sarten Con Huevo Frito I2500168", "imagen_src": "https://static.carrefour.es/hd_350x_/imagenes/products/40298/11295/241/4029811295241/imagenGrande1.jpg", "precio_peso": "", "precio": "5,77 \u20ac", "oferta": "", "supermercado": "Carrefour"},
{"query": "Huevo frito", "nombre": "", "imagen_src": "https://static.carrefour.es/hd_350x_/imagenes/products/97884/12112/108/9788412112108/imagenGrande1.jpg", "precio_peso": "", "precio": "", "oferta": "", "supermercado": "Carrefour"},
{"query": "Huevo frito", "nombre": "", "imagen_src": "https://static.carrefour.es/hd_350x_/imagenes/products/97884/94781/377/9788494781377/imagenGrande1.jpg", "precio_peso": "", "precio": "", "oferta": "", "supermercado": "Carrefour"},
],
[
],
[
{"query": "Clara de huevo", "nombre": "Clara de huevo pasteurizada Carrefour Classic' 1 l.", "imagen_src": "https://static.carrefour.es/hd_350x_/img_pim_food/497495_00_1.jpg", "precio_peso": "2,65 \u20ac/l", "precio": "2,65 \u20ac", "oferta": "", "supermercado": "Carrefour"},
{"query": "Clara de huevo", "nombre": "Clara de huevo Roig botella de 500 Ml", "imagen_src": "https://static.carrefour.es/hd_350x_/img_pim_food/227991_00_1.jpg", "precio_peso": "4,80 \u20ac/kg", "precio": "2,40 \u20ac", "oferta": "", "supermercado": "Carrefour"},
{"query": "Clara de huevo", "nombre": "Clara de huevo liquida Prozis 500 g.", "imagen_src": "https://static.carrefour.es/hd_350x_/img_pim_food/286385_00_1.jpg", "precio_peso": "6,30 \u20ac/kg", "precio": "3,15 \u20ac", "oferta": "", "supermercado": "Carrefour"},
{"query": "Clara de huevo", "nombre": "Flan de clara de huevo Proteina Plus 0% materia grasa sin azucares anadidos Carrefour sin gluten pack de 2 unidades de 160 g.", "imagen_src": "https://static.carrefour.es/hd_350x_/img_pim_food/394634_00_1.jpg", "precio_peso": "5,31 \u20ac/kg", "precio": "1,70 \u20ac", "oferta": "", "supermercado": "Carrefour"},
{"query": "Clara de huevo", "nombre": "", "imagen_src": "https://static.carrefour.es/hd_350x_/crs/cdn_static/catalog/hd/758100_00_1.jpg", "precio_peso": "", "precio": "", "oferta": "", "supermercado": "Carrefour"},
{"query": "Clara de huevo", "nombre": "", "imagen_src": "https://static.carrefour.es/hd_350x_/imagenes/products/85941/59532/571/8594159532571/imagenGrande1.jpg", "precio_peso": "", "precio": "", "oferta": "", "supermercado": "Carrefour"},
],
[
{"query": "Tortilla de patata", "nombre": "Tortilla de patatas con cebolla Carrefour Classic' sin gluten sin lactosa 600 g.", "imagen_src": "https://static.carrefour.es/hd_350x_/img_pim_food/333440_00_1.jpg", "precio_peso": "3,75 \u20ac/kg", "precio": "2,25 \u20ac", "oferta": "", "supermercado": "Carrefour"},
{"query": "Tortilla de patata", "nombre": "Tortilla de patatas Carrefour Classic' sin gluten sin lactosa 600 g.", "imagen_src": "https://static.carrefour.es/hd_350x_/img_pim_food/333438_00_1.jpg", "precio_peso": "3,75 \u20ac/kg", "precio": "2,25 \u20ac", "oferta": "", "supermercado": "Carrefour"},
{"query": "Tortilla de patata", "nombre": "Tortilla de patatas con cebolla ecologica Carrefour Bio sin gluten 500 g.", "imagen_src": "https://static.carrefour.es/hd_350x_/img_pim_food/333441_00_1.jpg", "precio_peso": "6,98 \u20ac/kg", "precio": "3,49 \u20ac", "oferta": "", "supermercado": "Carrefour"},
{"query": "Tortilla de patata", "nombre": "Tortilla de patata con cebolla La Cocina de Senen sin gluten 180 g.", "imagen_src": "https://static.carrefour.es/hd_350x_/img_pim_food/826959_00_1.jpg", "precio_peso": "29,17 \u20ac/kg", "precio": "5,25 \u20ac", "oferta": "", "supermercado": "Carrefour"},
{"query": "Tortilla de patata", "nombre": "", "imagen_src": "https://static.carrefour.es/hd_350x_/img_pim_food/250270_00_1.jpg", "precio_peso": "", "precio": "", "oferta": "", "supermercado": "Carrefour"},
{"query": "Tortilla de patata", "nombre": "", "imagen_src": "https://static.carrefour.es/hd_350x_/imagenes/products/84272/67211/406/8427267211406/imagenGrande1.jpg", "precio_peso": "", "precio": "", "oferta": "", "supermercado": "Carrefour"},
],
[
{"query": "Guisantes", "nombre": "Guisantes muy finos Classic Carrefour 250 g.", "imagen_src": "https://static.carrefour.es/hd_350x_/img_pim_food/767712_00_1.jpg", "precio_peso": "2,80 \u20ac/kg", "precio": "0,70 \u20ac", "oferta": "", "supermercado": "Carrefour"},
{"query": "Guisantes", "nombre": "Guisantes Carrefour 1 kg.", "imagen_src": "https://static.carrefour.es/hd_350x_/img_pim_food/181452_00_1.jpg", "precio_peso": "1,45 \u20ac/kg", "precio": "1,45 \u20ac", "oferta": "", "supermercado": "Carrefour"},
{"query": "Guisantes", "nombre": "Guisantes muy finos Classic Carrefour pack de 3 latas de 140 g.", "imagen_src": "https://static.carrefour.es/hd_350x_/img_pim_food/335931_00_1.jpg", "precio_peso": "4,74 \u20ac/kg", "precio": "1,99 \u20ac", "oferta": "", "supermercado": "Carrefour"},
{"query": "Guisantes", "nombre": "Guisantes tiernos y muy finos sin azucares anadidos Bonduelle pack de 3 unidades de 140 g.", "imagen_src": "https://static.carrefour.es/hd_350x_/img_pim_food/367757_00_1.jpg", "precio_peso": "6,64 \u20ac/kg", "precio": "2,79 \u20ac", "oferta": "", "supermercado": "Carrefour"},
{"query": "Guisantes", "nombre": "", "imagen_src": "https://static.carrefour.es/hd_350x_/img_pim_food/008671_00_1.jpg", "precio_peso": "", "precio": "", "oferta": "", "supermercado": "Carrefour"},
{"query": "Guisantes", "nombre": "", "imagen_src": "https://static.carrefour.es/hd_350x_/img_pim_food/435057_00_1.jpg", "precio_peso": "", "precio": "", "oferta": "", "supermercado": "Carrefour"},
],
[
{"query": "Alubia blanca cocida", "nombre": "Alubia blanca cocida Pedro Luis 425 g.", "imagen_src": "https://static.carrefour.es/hd_350x_/img_pim_food/913005_00_1.jpg", "precio_peso": "4,50 \u20ac/kg", "precio": "2,25 \u20ac", "oferta": "", "supermercado": "Carrefour"},
{"query": "Alubia blanca cocida", "nombre": "Alubia blanca cocida ecologica Pedro Luis 425 g.", "imagen_src": "https://static.carrefour.es/hd_350x_/img_pim_food/895971_00_1.jpg", "precio_peso": "5,78 \u20ac/kg", "precio": "2,89 \u20ac", "oferta": "", "supermercado": "Carrefour"},
],
[
],
[
],
[
{"query": "Lenteja cocida", "nombre": "Lentejas cocidas Carrefour 400 g.", "imagen_src": "https://static.carrefour.es/hd_350x_/img_pim_food/686242_00_1.jpg", "precio_peso": "2,07 \u20ac/kg", "precio": "0,83 \u20ac", "oferta": "", "supermercado": "Carrefour"},
{"query": "Lenteja cocida", "nombre": "Lenteja cocida categoria extra Luengo 400 g.", "imagen_src": "https://static.carrefour.es/hd_350x_/img_pim_food/032626_00_1.jpg", "precio_peso": "2,75 \u20ac/kg", "precio": "1,10 \u20ac", "oferta": "", "supermercado": "Carrefour"},
{"query": "Lenteja cocida", "nombre": "Lentejas cocidas sin sal anadida Carrefour 400 g.", "imagen_src": "https://static.carrefour.es/hd_350x_/img_pim_food/709624_00_1.jpg", "precio_peso": "2,07 \u20ac/kg", "precio": "0,83 \u20ac", "oferta": "", "supermercado": "Carrefour"},
{"query": "Lenteja cocida", "nombre": "Lentejas cocidas Carrefour 210 g.", "imagen_src": "https://static.carrefour.es/hd_350x_/img_pim_food/551499_00_1.jpg", "precio_peso": "3,19 \u20ac/kg", "precio": "0,67 \u20ac", "oferta": "", "supermercado": "Carrefour"},
{"query": "Lenteja cocida", "nombre": "", "imagen_src": "https://static.carrefour.es/hd_350x_/img_pim_food/544539_00_1.jpg", "precio_peso": "1,45 \u20ac/kg", "precio": "0,58 \u20ac", "oferta": "", "supermercado": "Carrefour"},
{"query": "Lenteja cocida", "nombre": "", "imagen_src": "https://static.carrefour.es/hd_350x_/img_pim_food/415546_00_1.jpg", "precio_peso": "5,75 \u20ac/kg", "precio": "2,30 \u20ac", "oferta": "", "supermercado": "Carrefour"},
],
[
{"query": "Garbanzo cocido", "nombre": "Garbanzo cocido categoria extra Luengo 400 g.", "imagen_src": "https://static.carrefour.es/hd_350x_/img_pim_food/032627_00_1.jpg", "precio_peso": "2,75 \u20ac/kg", "precio": "1,10 \u20ac", "oferta": "", "supermercado": "Carrefour"},
{"query": "Garbanzo cocido", "nombre": "Garbanzos cocidos La Muralla 400 g.", "imagen_src": "https://static.carrefour.es/hd_350x_/img_pim_food/180426_00_1.jpg", "precio_peso": "1,48 \u20ac/kg", "precio": "0,59 \u20ac", "oferta": "", "supermercado": "Carrefour"},
{"query": "Garbanzo cocido", "nombre": "Garbanzos cocidos Carrefour 210 g.", "imagen_src": "https://static.carrefour.es/hd_350x_/img_pim_food/551496_00_1.jpg", "precio_peso": "3,10 \u20ac/kg", "precio": "0,65 \u20ac", "oferta": "", "supermercado": "Carrefour"},
{"query": "Garbanzo cocido", "nombre": "Garbanzo pedrosillano cocido Pedro Luis 425 g.", "imagen_src": "https://static.carrefour.es/hd_350x_/img_pim_food/974719_00_1.jpg", "precio_peso": "4,18 \u20ac/kg", "precio": "2,09 \u20ac", "oferta": "", "supermercado": "Carrefour"},
{"query": "Garbanzo cocido", "nombre": "", "imagen_src": "https://static.carrefour.es/hd_350x_/img_pim_food/433974_00_1.jpg", "precio_peso": "", "precio": "2,41 \u20ac", "oferta": "", "supermercado": "Carrefour"},
{"query": "Garbanzo cocido", "nombre": "", "imagen_src": "https://static.carrefour.es/hd_350x_/img_pim_food/895982_00_1.jpg", "precio_peso": "", "precio": "2,95 \u20ac", "oferta": "", "supermercado": "Carrefour"},
],
[
{"query": "Patata ", "nombre": "Patata lavada Carrefour 5 Kg", "imagen_src": "https://static.carrefour.es/hd_350x_/img_pim_food/793632_00_1.jpg", "precio_peso": "1,10 \u20ac/kg", "precio": "5,49 \u20ac", "oferta": "", "supermercado": "Carrefour"},
{"query": "Patata ", "nombre": "Patata 5 Kg", "imagen_src": "https://static.carrefour.es/hd_350x_/img_pim_food/021119_00_1.jpg", "precio_peso": "0,80 \u20ac/kg", "precio": "3,99 \u20ac", "oferta": "", "supermercado": "Carrefour"},
{"query": "Patata ", "nombre": "Patata Saco de 8 kg", "imagen_src": "https://static.carrefour.es/hd_350x_/img_pim_food/021784_00_1.jpg", "precio_peso": "0,50 \u20ac/kg", "precio": "3,99 \u20ac", "oferta": "", "supermercado": "Carrefour"},
{"query": "Patata ", "nombre": "Patata princesa amandine 1,5 kg", "imagen_src": "https://static.carrefour.es/hd_350x_/img_pim_food/533347_00_1.jpg", "precio_peso": "1,33 \u20ac/kg", "precio": "1,99 \u20ac", "oferta": "", "supermercado": "Carrefour"},
{"query": "Patata ", "nombre": "", "imagen_src": "https://static.carrefour.es/hd_350x_/img_pim_food/053629_00_1.jpg", "precio_peso": "", "precio": "", "oferta": "", "supermercado": "Carrefour"},
{"query": "Patata ", "nombre": "", "imagen_src": "https://static.carrefour.es/hd_350x_/img_pim_food/793633_00_1.jpg", "precio_peso": "", "precio": "", "oferta": "", "supermercado": "Carrefour"},
],
[
],
[
{"query": "Patatas fritas", "nombre": "Patatas fritas extracrujientes oliva Seleccion Carrefour 150 g.", "imagen_src": "https://static.carrefour.es/hd_350x_/img_pim_food/177049_00_1.jpg", "precio_peso": "6,60 \u20ac/kg", "precio": "0,99 \u20ac", "oferta": "", "supermercado": "Carrefour"},
{"query": "Patatas fritas", "nombre": "Patatas fritas al punto de sal Lay's sin gluten y sin lactosa 282 g.", "imagen_src": "https://static.carrefour.es/hd_350x_/img_pim_food/593717_00_1.jpg", "precio_peso": "8,83 \u20ac/kg", "precio": "2,49 \u20ac", "oferta": "", "supermercado": "Carrefour"},
{"query": "Patatas fritas", "nombre": "Patatas fritas churreria en aceite de girasol Carrefour pack de 2 bolsas de 150 g.", "imagen_src": "https://static.carrefour.es/hd_350x_/img_pim_food/897891_00_1.jpg", "precio_peso": "6 \u20ac/kg", "precio": "1,80 \u20ac", "oferta": "", "supermercado": "Carrefour"},
{"query": "Patatas fritas", "nombre": "Patatas fritas a la sarten Carrefour pack de 2 bolsas de 150 g.", "imagen_src": "https://static.carrefour.es/hd_350x_/img_pim_food/130130_00_1.jpg", "precio_peso": "6,30 \u20ac/kg", "precio": "1,89 \u20ac", "oferta": "", "supermercado": "Carrefour"},
{"query": "Patatas fritas", "nombre": "", "imagen_src": "https://static.carrefour.es/hd_350x_/img_pim_food/432991_00_1.jpg", "precio_peso": "", "precio": "", "oferta": "", "supermercado": "Carrefour"},
{"query": "Patatas fritas", "nombre": "", "imagen_src": "https://static.carrefour.es/hd_350x_/img_pim_food/432987_00_1.jpg", "precio_peso": "", "precio": "", "oferta": "", "supermercado": "Carrefour"},
],
[
{"query": "Almendra ", "nombre": "Almendras crudas con piel Original Carrefour 200 g.", "imagen_src": "https://static.carrefour.es/hd_350x_/img_pim_food/615038_00_1.jpg", "precio_peso": "12,50 \u20ac/kg", "precio": "2,50 \u20ac", "oferta": "", "supermercado": "Carrefour"},
{"query": "Almendra ", "nombre": "Almendras fritas y saladas Carrefour 200 g.", "imagen_src": "https://static.carrefour.es/hd_350x_/img_pim_food/129228_00_1.jpg", "precio_peso": "13,95 \u20ac/kg", "precio": "2,79 \u20ac", "oferta": "", "supermercado": "Carrefour"},
{"query": "Almendra ", "nombre": "Almendras tostadas sin sal anadida Carrefour 200 g.", "imagen_src": "https://static.carrefour.es/hd_350x_/img_pim_food/492046_00_1.jpg", "precio_peso": "13,25 \u20ac/kg", "precio": "2,65 \u20ac", "oferta": "", "supermercado": "Carrefour"},
{"query": "Almendra ", "nombre": "Almendra repelada cruda Carrefour tarrina 250 g", "imagen_src": "https://static.carrefour.es/hd_350x_/img_pim_food/142285_00_1.jpg", "precio_peso": "15,96 \u20ac/kg", "precio": "3,99 \u20ac", "oferta": "", "supermercado": "Carrefour"},
{"query": "Almendra ", "nombre": "", "imagen_src": "https://static.carrefour.es/hd_350x_/img_pim_food/888128_00_1.jpg", "precio_peso": "", "precio": "", "oferta": "", "supermercado": "Carrefour"},
{"query": "Almendra ", "nombre": "", "imagen_src": "https://static.carrefour.es/hd_350x_/img_pim_food/992408_00_1.jpg", "precio_peso": "", "precio": "", "oferta": "", "supermercado": "Carrefour"},
],
[
{"query": "Cacahuete", "nombre": "Cacahuetes fritos sin sal anadida Carrefour 200 g.", "imagen_src": "https://static.carrefour.es/hd_350x_/img_pim_food/513752_00_1.jpg", "precio_peso": "4,95 \u20ac/kg", "precio": "0,99 \u20ac", "oferta": "", "supermercado": "Carrefour"},
{"query": "Cacahuete", "nombre": "Cacahuetes tostados y salados Carrefour 400 g.", "imagen_src": "https://static.carrefour.es/hd_350x_/img_pim_food/062997_00_1.jpg", "precio_peso": "4 \u20ac/kg", "precio": "1,60 \u20ac", "oferta": "", "supermercado": "Carrefour"},
{"query": "Cacahuete", "nombre": "Cacahuetes tostados con cascara Carrefour 400 g.", "imagen_src": "https://static.carrefour.es/hd_350x_/img_pim_food/062975_00_1.jpg", "precio_peso": "4 \u20ac/kg", "precio": "1,60 \u20ac", "oferta": "", "supermercado": "Carrefour"},
{"query": "Cacahuete", "nombre": "Cacahuetes fritos y salados con piel Carrefour 200 g.", "imagen_src": "https://static.carrefour.es/hd_350x_/img_pim_food/792767_00_1.jpg", "precio_peso": "4,60 \u20ac/kg", "precio": "0,92 \u20ac", "oferta": "", "supermercado": "Carrefour"},
{"query": "Cacahuete", "nombre": "", "imagen_src": "https://static.carrefour.es/hd_350x_/img_pim_food/142426_00_1.jpg", "precio_peso": "", "precio": "", "oferta": "", "supermercado": "Carrefour"},
{"query": "Cacahuete", "nombre": "", "imagen_src": "https://static.carrefour.es/hd_350x_/img_pim_food/142376_00_1.jpg", "precio_peso": "", "precio": "", "oferta": "", "supermercado": "Carrefour"},
],
[
{"query": "Nueces", "nombre": "", "imagen_src": "https://static.carrefour.es/hd_350x_/img_pim_food/539120_00_1.jpg", "precio_peso": "12,97 \u20ac/kg", "precio": "5,19 \u20ac", "oferta": "", "supermercado": "Carrefour"},
{"query": "Nueces", "nombre": "Nueces sin cascara Carrefour 200 g.", "imagen_src": "https://static.carrefour.es/hd_350x_/img_pim_food/603846_00_1.jpg", "precio_peso": "14,50 \u20ac/kg", "precio": "2,90 \u20ac", "oferta": "", "supermercado": "Carrefour"},
{"query": "Nueces", "nombre": "Nuez mondada Simpl 170 g.", "imagen_src": "https://static.carrefour.es/hd_350x_/img_pim_food/237796_00_1.jpg", "precio_peso": "11,18 \u20ac/kg", "precio": "1,90 \u20ac", "oferta": "", "supermercado": "Carrefour"},
{"query": "Nueces", "nombre": "Nueces peladas ecologicas Carrefour Bio 90 g.", "imagen_src": "https://static.carrefour.es/hd_350x_/img_pim_food/166437_00_1.jpg", "precio_peso": "14,56 \u20ac/kg", "precio": "1,31 \u20ac", "oferta": "", "supermercado": "Carrefour"},
{"query": "Nueces", "nombre": "", "imagen_src": "https://static.carrefour.es/hd_350x_/img_pim_food/142278_00_1.jpg", "precio_peso": "", "precio": "6,99 \u20ac", "oferta": "", "supermercado": "Carrefour"},
{"query": "Nueces", "nombre": "", "imagen_src": "https://static.carrefour.es/hd_350x_/img_pim_food/142277_00_1.jpg", "precio_peso": "", "precio": "3,99 \u20ac", "oferta": "", "supermercado": "Carrefour"},
],
[
{"query": "Pistachos", "nombre": "Pistachos tostados y saldaos Carrefour 400 g.", "imagen_src": "https://static.carrefour.es/hd_350x_/img_pim_food/800949_00_1.jpg", "precio_peso": "11,80 \u20ac/kg", "precio": "4,72 \u20ac", "oferta": "", "supermercado": "Carrefour"},
{"query": "Pistachos", "nombre": "Pistachos tostados sin sal anadida Carrefour 150 g.", "imagen_src": "https://static.carrefour.es/hd_350x_/img_pim_food/991782_00_1.jpg", "precio_peso": "13 \u20ac/kg", "precio": "1,95 \u20ac", "oferta": "", "supermercado": "Carrefour"},
{"query": "Pistachos", "nombre": "Pistachos tostados y salados Carrefour 200 g.", "imagen_src": "https://static.carrefour.es/hd_350x_/img_pim_food/080240_00_1.jpg", "precio_peso": "12,05 \u20ac/kg", "precio": "2,41 \u20ac", "oferta": "", "supermercado": "Carrefour"},
{"query": "Pistachos", "nombre": "Pistacho tostado Carrefour bolsa de 500 g", "imagen_src": "https://static.carrefour.es/hd_350x_/img_pim_food/192880_00_1.jpg", "precio_peso": "13,98 \u20ac/kg", "precio": "6,99 \u20ac", "oferta": "", "supermercado": "Carrefour"},
{"query": "Pistachos", "nombre": "", "imagen_src": "https://static.carrefour.es/hd_350x_/img_pim_food/142343_00_1.jpg", "precio_peso": "", "precio": "3,99 \u20ac", "oferta": "", "supermercado": "Carrefour"},
{"query": "Pistachos", "nombre": "", "imagen_src": "https://static.carrefour.es/hd_350x_/img_pim_food/645297_00_1.jpg", "precio_peso": "", "precio": "2,65 \u20ac", "oferta": "", "supermercado": "Carrefour"},
],
[
{"query": "Pipas", "nombre": "Pipas de girasol saladas Classic Carrefour 200 g.", "imagen_src": "https://static.carrefour.es/hd_350x_/img_pim_food/642813_00_1.jpg", "precio_peso": "4,95 \u20ac/kg", "precio": "0,99 \u20ac", "oferta": "", "supermercado": "Carrefour"},
{"query": "Pipas", "nombre": "Pipas gigantes aguasal Classic Carrefour 400 g.", "imagen_src": "https://static.carrefour.es/hd_350x_/img_pim_food/617342_00_1.jpg", "precio_peso": "5,12 \u20ac/kg", "precio": "2,05 \u20ac", "oferta": "", "supermercado": "Carrefour"},
{"query": "Pipas", "nombre": "Pipas gigantes aguasal Classic Carrefour 200 g.", "imagen_src": "https://static.carrefour.es/hd_350x_/img_pim_food/623535_00_1.jpg", "precio_peso": "5,75 \u20ac/kg", "precio": "1,15 \u20ac", "oferta": "", "supermercado": "Carrefour"},
{"query": "Pipas", "nombre": "Pipas G Tijuana Grefusa-Pipas 190 g.", "imagen_src": "https://static.carrefour.es/hd_350x_/img_pim_food/438016_00_1.jpg", "precio_peso": "8,95 \u20ac/kg", "precio": "1,70 \u20ac", "oferta": "", "supermercado": "Carrefour"},
{"query": "Pipas", "nombre": "", "imagen_src": "https://static.carrefour.es/hd_350x_/img_pim_food/476831_00_1.jpg", "precio_peso": "", "precio": "", "oferta": "", "supermercado": "Carrefour"},
{"query": "Pipas", "nombre": "", "imagen_src": "https://static.carrefour.es/hd_350x_/img_pim_food/061283_00_1.jpg", "precio_peso": "", "precio": "", "oferta": "", "supermercado": "Carrefour"},
],
[
{"query": "Avellanas", "nombre": "Avellana repelada tostada sin sal Carrefour tarrina 225 g", "imagen_src": "https://static.carrefour.es/hd_350x_/img_pim_food/142330_00_1.jpg", "precio_peso": "17,73 \u20ac/kg", "precio": "3,99 \u20ac", "oferta": "", "supermercado": "Carrefour"},
{"query": "Avellanas", "nombre": "Avellanas tostadas Carrefour 200 g.", "imagen_src": "https://static.carrefour.es/hd_350x_/img_pim_food/603823_00_1.jpg", "precio_peso": "14,45 \u20ac/kg", "precio": "2,89 \u20ac", "oferta": "", "supermercado": "Carrefour"},
{"query": "Avellanas", "nombre": "Avellana repelada tostada Carrefour tarrina 225 g", "imagen_src": "https://static.carrefour.es/hd_350x_/img_pim_food/142345_00_1.jpg", "precio_peso": "17,73 \u20ac/kg", "precio": "3,99 \u20ac", "oferta": "", "supermercado": "Carrefour"},
{"query": "Avellanas", "nombre": "Avellanas tostadas sin sal anadida ecologicas Carrefour Bio 90 g.", "imagen_src": "https://static.carrefour.es/hd_350x_/img_pim_food/166393_00_1.jpg", "precio_peso": "28,78 \u20ac/kg", "precio": "2,59 \u20ac", "oferta": "", "supermercado": "Carrefour"},
{"query": "Avellanas", "nombre": "", "imagen_src": "https://static.carrefour.es/hd_350x_/img_pim_food/502616_00_1.jpg", "precio_peso": "", "precio": "", "oferta": "", "supermercado": "Carrefour"},
{"query": "Avellanas", "nombre": "", "imagen_src": "https://static.carrefour.es/hd_350x_/img_pim_food/692615_00_1.jpg", "precio_peso": "", "precio": "", "oferta": "", "supermercado": "Carrefour"},
],
[
{"query": "Quicos", "nombre": "Maiz frito MisterCorn 285 g.", "imagen_src": "https://static.carrefour.es/hd_350x_/img_pim_food/330950_00_1.jpg", "precio_peso": "9,79 \u20ac/kg", "precio": "2,79 \u20ac", "oferta": "", "supermercado": "Carrefour"},
{"query": "Quicos", "nombre": "Maiz frito XL Grefusa-Mister Corn 85 g.", "imagen_src": "https://static.carrefour.es/hd_350x_/img_pim_food/117854_00_1.jpg", "precio_peso": "1,98 \u20ac/kg", "precio": "1,68 \u20ac", "oferta": "", "supermercado": "Carrefour"},
{"query": "Quicos", "nombre": "Maiz frito sabor barbacoa Carrefour 140 g.", "imagen_src": "https://static.carrefour.es/hd_350x_/img_pim_food/349974_00_1.jpg", "precio_peso": "5,57 \u20ac/kg", "precio": "0,78 \u20ac", "oferta": "", "supermercado": "Carrefour"},
{"query": "Quicos", "nombre": "Tiras de maiz BBQ orginal Fritos 146 g.", "imagen_src": "https://static.carrefour.es/hd_350x_/img_pim_food/468372_00_1.jpg", "precio_peso": "11,30 \u20ac/kg", "precio": "1,65 \u20ac", "oferta": "", "supermercado": "Carrefour"},
{"query": "Quicos", "nombre": "", "imagen_src": "https://static.carrefour.es/hd_350x_/img_pim_food/747156_00_1.jpg", "precio_peso": "", "precio": "", "oferta": "", "supermercado": "Carrefour"},
{"query": "Quicos", "nombre": "", "imagen_src": "https://static.carrefour.es/hd_350x_/img_pim_food/645684_00_1.jpg", "precio_peso": "", "precio": "", "oferta": "", "supermercado": "Carrefour"},
],
[
{"query": "Kiwi", "nombre": "Kiwi bandeja 750g", "imagen_src": "https://static.carrefour.es/hd_350x_/img_pim_food/765148_00_1.jpg", "precio_peso": "3,59 \u20ac/kg", "precio": "2,69 \u20ac", "oferta": "", "supermercado": "Carrefour"},
{"query": "Kiwi", "nombre": "Kiwi Gold 500 g", "imagen_src": "https://static.carrefour.es/hd_350x_/img_pim_food/431419_00_1.jpg", "precio_peso": "5,98 \u20ac/kg", "precio": "2,99 \u20ac", "oferta": "", "supermercado": "Carrefour"},
{"query": "Kiwi", "nombre": "Kiwi Zespri 1 kg aprox", "imagen_src": "https://static.carrefour.es/hd_350x_/img_pim_food/243817_00_1.jpg", "precio_peso": "3,89 \u20ac/kg", "precio": "3,89 \u20ac", "oferta": "", "supermercado": "Carrefour"},
{"query": "Kiwi", "nombre": "Kiwi selecta Zespri bandeja 4 ud 500 g aprox", "imagen_src": "https://static.carrefour.es/hd_350x_/img_pim_food/914213_00_1.jpg", "precio_peso": "0,75 \u20ac/ud", "precio": "2,99 \u20ac", "oferta": "", "supermercado": "Carrefour"},
{"query": "Kiwi", "nombre": "", "imagen_src": "https://static.carrefour.es/hd_350x_/img_pim_food/117396_00_1.jpg", "precio_peso": "9,50 \u20ac/kg", "precio": "4,75 \u20ac", "oferta": "", "supermercado": "Carrefour"},
{"query": "Kiwi", "nombre": "", "imagen_src": "https://static.carrefour.es/hd_350x_/img_pim_food/379175_00_1.jpg", "precio_peso": "5,58 \u20ac/kg", "precio": "2,79 \u20ac", "oferta": "", "supermercado": "Carrefour"},
],
[
{"query": "Mandarina", "nombre": "Kuyx de mandarina 3 l.", "imagen_src": "https://static.carrefour.es/hd_350x_/img_pim_food/778348_00_1.jpg", "precio_peso": "0,63 \u20ac/l", "precio": "1,89 \u20ac", "oferta": "", "supermercado": "Carrefour"},
{"query": "Mandarina", "nombre": "Zumo de mandarina Simon Life botella 1,5 l.", "imagen_src": "https://static.carrefour.es/hd_350x_/img_pim_food/372681_00_1.jpg", "precio_peso": "1,07 \u20ac/l", "precio": "1,60 \u20ac", "oferta": "", "supermercado": "Carrefour"},
{"query": "Mandarina", "nombre": "Mandarinas (mandariinid)", "imagen_src": "https://static.carrefour.es/hd_350x_/imagenes/products/84370/10737/336/8437010737336/imagenGrande1.jpg", "precio_peso": "", "precio": "9,94 \u20ac", "oferta": "", "supermercado": "Carrefour"},
{"query": "Mandarina", "nombre": "Mandarinas (blu-ray)", "imagen_src": "https://static.carrefour.es/hd_350x_/imagenes/products/84370/10737/343/8437010737343/imagenGrande1.jpg", "precio_peso": "", "precio": "9,94 \u20ac", "oferta": "", "supermercado": "Carrefour"},
{"query": "Mandarina", "nombre": "", "imagen_src": "https://static.carrefour.es/hd_350x_/imagenes/products/97884/19148/032/9788419148032/imagenGrande1.jpg", "precio_peso": "", "precio": "", "oferta": "", "supermercado": "Carrefour"},
{"query": "Mandarina", "nombre": "", "imagen_src": "https://static.carrefour.es/hd_350x_/imagenes/products/97884/94994/357/9788494994357/imagenGrande1.jpg", "precio_peso": "", "precio": "", "oferta": "", "supermercado": "Carrefour"},
],
[
{"query": "Manzana", "nombre": "Manzana Golden Carrefour 1,5 kg", "imagen_src": "https://static.carrefour.es/hd_350x_/img_pim_food/402066_00_1.jpg", "precio_peso": "1,39 \u20ac/kg", "precio": "2,09 \u20ac", "oferta": "", "supermercado": "Carrefour"},
{"query": "Manzana", "nombre": "Manzana golden Carrefour 1 kg aprox", "imagen_src": "https://static.carrefour.es/hd_350x_/img_pim_food/235331_00_1.jpg", "precio_peso": "1,79 \u20ac/kg", "precio": "1,79 \u20ac", "oferta": "", "supermercado": "Carrefour"},
{"query": "Manzana", "nombre": "Manzana pink lady 4 ud", "imagen_src": "https://static.carrefour.es/hd_350x_/img_pim_food/027897_00_1.jpg", "precio_peso": "0,71 \u20ac/ud", "precio": "2,85 \u20ac", "oferta": "", "supermercado": "Carrefour"},
{"query": "Manzana", "nombre": "Manzana roja a granel 1 kg aprox", "imagen_src": "https://static.carrefour.es/hd_350x_/img_pim_food/035650_00_1.jpg", "precio_peso": "1,65 \u20ac/kg", "precio": "1,65 \u20ac", "oferta": "", "supermercado": "Carrefour"},
{"query": "Manzana", "nombre": "", "imagen_src": "https://static.carrefour.es/hd_350x_/img_pim_food/035647_00_1.jpg", "precio_peso": "", "precio": "", "oferta": "", "supermercado": "Carrefour"},
{"query": "Manzana", "nombre": "", "imagen_src": "https://static.carrefour.es/hd_350x_/img_pim_food/402055_00_1.jpg", "precio_peso": "", "precio": "", "oferta": "", "supermercado": "Carrefour"},
],
[
{"query": "Naranja", "nombre": "Naranja de zumo Carrefour 4 kg", "imagen_src": "https://static.carrefour.es/hd_350x_/img_pim_food/235300_00_1.jpg", "precio_peso": "0,95 \u20ac/kg", "precio": "3,80 \u20ac", "oferta": "", "supermercado": "Carrefour"},
{"query": "Naranja", "nombre": "Naranja de mesa Carrefour 1 Kg aprox", "imagen_src": "https://static.carrefour.es/hd_350x_/img_pim_food/494114_00_1.jpg", "precio_peso": "1,49 \u20ac/kg", "precio": "1,49 \u20ac", "oferta": "", "supermercado": "Carrefour"},
{"query": "Naranja", "nombre": "Naranja selecta bandeja 1 kg", "imagen_src": "https://static.carrefour.es/hd_350x_/img_pim_food/140863_00_1.jpg", "precio_peso": "2,79 \u20ac/kg", "precio": "2,79 \u20ac", "oferta": "", "supermercado": "Carrefour"},
{"query": "Naranja", "nombre": "Naranja ecologica Carrefour Bio 1 Kg", "imagen_src": "https://static.carrefour.es/hd_350x_/img_pim_food/049873_00_1.jpg", "precio_peso": "1,99 \u20ac/kg", "precio": "1,99 \u20ac", "oferta": "", "supermercado": "Carrefour"},
],
[
{"query": "Pera", "nombre": "", "imagen_src": "https://static.carrefour.es/hd_350x_/img_pim_food/394510_00_1.jpg", "precio_peso": "1,79 \u20ac/kg", "precio": "1,79 \u20ac", "oferta": "", "supermercado": "Carrefour"},
{"query": "Pera", "nombre": "Pera conferencia Carrefour 1,5 Kg", "imagen_src": "https://static.carrefour.es/hd_350x_/img_pim_food/402044_00_1.jpg", "precio_peso": "1,39 \u20ac/kg", "precio": "2,09 \u20ac", "oferta": "", "supermercado": "Carrefour"},
{"query": "Pera", "nombre": "Pera ercolina a granel 1 Kg aprox", "imagen_src": "https://static.carrefour.es/hd_350x_/img_pim_food/035770_00_1.jpg", "precio_peso": "1,99 \u20ac/kg", "precio": "1,99 \u20ac", "oferta": "", "supermercado": "Carrefour"},
{"query": "Pera", "nombre": "Pera limonera a granel 1 kg aprox", "imagen_src": "https://static.carrefour.es/hd_350x_/img_pim_food/035781_00_1.jpg", "precio_peso": "1,99 \u20ac/kg", "precio": "1,99 \u20ac", "oferta": "", "supermercado": "Carrefour"},
{"query": "Pera", "nombre": "", "imagen_src": "https://static.carrefour.es/hd_350x_/img_pim_food/402066_00_1.jpg", "precio_peso": "", "precio": "", "oferta": "", "supermercado": "Carrefour"},
{"query": "Pera", "nombre": "", "imagen_src": "https://static.carrefour.es/hd_350x_/img_pim_food/286068_00_1.jpg", "precio_peso": "", "precio": "", "oferta": "", "supermercado": "Carrefour"},
],
[
{"query": "Pi\u00f1a", "nombre": "Pina con zumo de pina en rodajas Carrefour 490 g.", "imagen_src": "https://static.carrefour.es/hd_350x_/img_pim_food/684977_00_1.jpg", "precio_peso": "3,67 \u20ac/kg", "precio": "1,80 \u20ac", "oferta": "", "supermercado": "Carrefour"},
{"query": "Pi\u00f1a", "nombre": "Pina golden ripe 2,5 Kg aprox", "imagen_src": "https://static.carrefour.es/hd_350x_/img_pim_food/181242_00_1.jpg", "precio_peso": "0,99 \u20ac/kg", "precio": "2,47 \u20ac", "oferta": "", "supermercado": "Carrefour"},
{"query": "Pi\u00f1a", "nombre": "Pina con zumo de pina en rodajas Carrefour pack de 3 unidades de 139 g.", "imagen_src": "https://static.carrefour.es/hd_350x_/img_pim_food/670622_00_1.jpg", "precio_peso": "5,60 \u20ac/kg", "precio": "2,35 \u20ac", "oferta": "", "supermercado": "Carrefour"},
{"query": "Pi\u00f1a", "nombre": "Pina en rodajas sin azucares anadidos Del Monte pack de 3 unidades de 140 g.", "imagen_src": "https://static.carrefour.es/hd_350x_/img_pim_food/009195_00_1.jpg", "precio_peso": "11,79 \u20ac/kg", "precio": "4,95 \u20ac", "oferta": "", "supermercado": "Carrefour"},
{"query": "Pi\u00f1a", "nombre": "", "imagen_src": "https://static.carrefour.es/hd_350x_/img_pim_food/754392_00_1.jpg", "precio_peso": "", "precio": "", "oferta": "", "supermercado": "Carrefour"},
{"query": "Pi\u00f1a", "nombre": "", "imagen_src": "https://static.carrefour.es/hd_350x_/img_pim_food/009196_00_1.jpg", "precio_peso": "", "precio": "", "oferta": "", "supermercado": "Carrefour"},
],
[
{"query": "Pl\u00e1tano", "nombre": "Platano de Canarias bandeja 5 ud", "imagen_src": "https://static.carrefour.es/hd_350x_/img_pim_food/373673_00_1.jpg", "precio_peso": "3,85 \u20ac/kg", "precio": "2 \u20ac", "oferta": "", "supermercado": "Carrefour"},
{"query": "Pl\u00e1tano", "nombre": "Banana a granel 1 Kg aprox", "imagen_src": "https://static.carrefour.es/hd_350x_/img_pim_food/035834_00_1.jpg", "precio_peso": "1,25 \u20ac/kg", "precio": "1,25 \u20ac", "oferta": "", "supermercado": "Carrefour"},
{"query": "Pl\u00e1tano", "nombre": "Platano Carrefour 1 kg aprox", "imagen_src": "https://static.carrefour.es/hd_350x_/img_pim_food/779025_00_1.jpg", "precio_peso": "3,15 \u20ac/kg", "precio": "3,78 \u20ac", "oferta": "", "supermercado": "Carrefour"},
{"query": "Pl\u00e1tano", "nombre": "Platano desecado Carrefour 90 g.", "imagen_src": "https://static.carrefour.es/hd_350x_/img_pim_food/620915_00_1.jpg", "precio_peso": "8,22 \u20ac/kg", "precio": "0,74 \u20ac", "oferta": "", "supermercado": "Carrefour"},
{"query": "Pl\u00e1tano", "nombre": "", "imagen_src": "https://static.carrefour.es/hd_350x_/img_pim_food/793753_00_1.jpg", "precio_peso": "14,90 \u20ac/kg", "precio": "1,49 \u20ac", "oferta": "", "supermercado": "Carrefour"},
{"query": "Pl\u00e1tano", "nombre": "", "imagen_src": "https://static.carrefour.es/hd_350x_/img_pim_food/671340_00_1.jpg", "precio_peso": "14,90 \u20ac/kg", "precio": "1,49 \u20ac", "oferta": "", "supermercado": "Carrefour"},
],
[
{"query": "Melocot\u00f3n", "nombre": "Melocoton amarillo a granel 1 Kg aprox", "imagen_src": "https://static.carrefour.es/hd_350x_/img_pim_food/195993_00_1.jpg", "precio_peso": "2,69 \u20ac/kg", "precio": "2,69 \u20ac", "oferta": "", "supermercado": "Carrefour"},
{"query": "Melocot\u00f3n", "nombre": "Melocoton amarillo Carrefour tarrina 1 kg", "imagen_src": "https://static.carrefour.es/hd_350x_/img_pim_food/023558_00_1.jpg", "precio_peso": "2,39 \u20ac/kg", "precio": "2,39 \u20ac", "oferta": "", "supermercado": "Carrefour"},
{"query": "Melocot\u00f3n", "nombre": "Melocoton rojo Carrefour tarrina de 1 kg", "imagen_src": "https://static.carrefour.es/hd_350x_/img_pim_food/023519_00_1.jpg", "precio_peso": "2,39 \u20ac/kg", "precio": "2,39 \u20ac", "oferta": "", "supermercado": "Carrefour"},
{"query": "Melocot\u00f3n", "nombre": "Melocoton rojo Carrefour a granel 1 kg aprox", "imagen_src": "https://static.carrefour.es/hd_350x_/img_pim_food/551862_00_1.jpg", "precio_peso": "2,89 \u20ac/kg", "precio": "2,89 \u20ac", "oferta": "", "supermercado": "Carrefour"},
{"query": "Melocot\u00f3n", "nombre": "", "imagen_src": "https://static.carrefour.es/hd_350x_/img_pim_food/799730_00_1.jpg", "precio_peso": "5,89 \u20ac/kg", "precio": "5,89 \u20ac", "oferta": "", "supermercado": "Carrefour"},
{"query": "Melocot\u00f3n", "nombre": "", "imagen_src": "https://static.carrefour.es/hd_350x_/img_pim_food/845008_00_1.jpg", "precio_peso": "3,67 \u20ac/kg", "precio": "1,76 \u20ac", "oferta": "", "supermercado": "Carrefour"},
],
[
{"query": "Albaricoque", "nombre": "Mermelada de albaricoque categoria extra Carrefour 410 g.", "imagen_src": "https://static.carrefour.es/hd_350x_/img_pim_food/228273_00_1.jpg", "precio_peso": "2,83 \u20ac/kg", "precio": "1,16 \u20ac", "oferta": "", "supermercado": "Carrefour"},
{"query": "Albaricoque", "nombre": "Mermelada de albaricoque categoria extra Carrefour sin gluten 650 g.", "imagen_src": "https://static.carrefour.es/hd_350x_/img_pim_food/228280_00_1.jpg", "precio_peso": "2,78 \u20ac/kg", "precio": "1,81 \u20ac", "oferta": "", "supermercado": "Carrefour"},
{"query": "Albaricoque", "nombre": "Mermelada de albaricoque ecologica Carrefour Bio 350 g.", "imagen_src": "https://static.carrefour.es/hd_350x_/img_pim_food/325849_00_1.jpg", "precio_peso": "5,69 \u20ac/kg", "precio": "1,99 \u20ac", "oferta": "", "supermercado": "Carrefour"},
{"query": "Albaricoque", "nombre": "Confitura de albaricoque Diet Hero 280 g.", "imagen_src": "https://static.carrefour.es/hd_350x_/img_pim_food/852324_00_1.jpg", "precio_peso": "7,50 \u20ac/kg", "precio": "2,10 \u20ac", "oferta": "", "supermercado": "Carrefour"},
{"query": "Albaricoque", "nombre": "", "imagen_src": "https://static.carrefour.es/hd_350x_/img_pim_food/348228_00_1.jpg", "precio_peso": "", "precio": "", "oferta": "", "supermercado": "Carrefour"},
{"query": "Albaricoque", "nombre": "", "imagen_src": "https://static.carrefour.es/hd_350x_/img_pim_food/248241_00_1.jpg", "precio_peso": "", "precio": "", "oferta": "", "supermercado": "Carrefour"},
],
[
{"query": "Caqui", "nombre": "Caqui", "imagen_src": "https://static.carrefour.es/hd_350x_/imagenes/products/97814/39752/104/9781439752104/imagenGrande1.jpg", "precio_peso": "", "precio": "14,21 \u20ac", "oferta": "", "supermercado": "Carrefour"},
{"query": "Caqui", "nombre": "Agenda 2021 Caqui. Mini, Por Dias 12 Meses", "imagen_src": "https://static.carrefour.es/hd_350x_/imagenes/products/97814/39771/266/9781439771266/imagenGrande1.jpg", "precio_peso": "", "precio": "17,05 \u20ac", "oferta": "", "supermercado": "Carrefour"},
{"query": "Caqui", "nombre": "Set De Muebles De Jardin - 4-piezas - Conjunto De Muebles De Exterior - Sillon - Sofa - Mesa De Centro - Caqui Marron Y Imitacion De Madera [casa.pro](r)", "imagen_src": "https://static.carrefour.es/hd_350x_/imagenes/products/40594/38145/988/4059438145988/imagenGrande1.jpg", "precio_peso": "", "precio": "462,99 \u20ac", "oferta": "", "supermercado": "Carrefour"},
{"query": "Caqui", "nombre": "Maletin Para Asistencia Veterinaria De Gran Capacidad. Modelo Vet. Color Caqui", "imagen_src": "https://static.carrefour.es/hd_350x_/imagenes/products/42601/68331/415/4260168331415/imagenGrande1.jpg", "precio_peso": "", "precio": "243,95 \u20ac", "oferta": "", "supermercado": "Carrefour"},
{"query": "Caqui", "nombre": "", "imagen_src": "https://static.carrefour.es/hd_350x_/imagenes/products/84354/28770/693/8435428770693/imagenGrande1.jpg", "precio_peso": "", "precio": "", "oferta": "", "supermercado": "Carrefour"},
{"query": "Caqui", "nombre": "", "imagen_src": "https://static.carrefour.es/hd_350x_/imagenes/products/84354/28776/114/8435428776114/imagenGrande1.jpg", "precio_peso": "", "precio": "", "oferta": "", "supermercado": "Carrefour"},
],
[
{"query": "Cereza", "nombre": "Cerezas rojas en almibar Helios 90 g.", "imagen_src": "https://static.carrefour.es/hd_350x_/img_pim_food/045585_00_1.jpg", "precio_peso": "16,89 \u20ac/kg", "precio": "1,52 \u20ac", "oferta": "", "supermercado": "Carrefour"},
{"query": "Cereza", "nombre": "Cerezas en almibar deshuesadas Extra Carrefour 360 g.", "imagen_src": "https://static.carrefour.es/hd_350x_/img_pim_food/547969_00_1.jpg", "precio_peso": "5,53 \u20ac/kg", "precio": "1,99 \u20ac", "oferta": "", "supermercado": "Carrefour"},
{"query": "Cereza", "nombre": "Coca Cola zero azucar sabor cereza lata 33 cl.", "imagen_src": "https://static.carrefour.es/hd_350x_/img_pim_food/967555_00_1.jpg", "precio_peso": "2,42 \u20ac/l", "precio": "0,80 \u20ac", "oferta": "", "supermercado": "Carrefour"},
{"query": "Cereza", "nombre": "Detergente liquido cerezas de Japon Carrefour 40 lavados.", "imagen_src": "https://static.carrefour.es/hd_350x_/img_pim_food/835355_00_1.jpg", "precio_peso": "0,08 \u20ac/lavado", "precio": "3,39 \u20ac", "oferta": "", "supermercado": "Carrefour"},
{"query": "Cereza", "nombre": "", "imagen_src": "https://static.carrefour.es/hd_350x_/img_pim_food/588516_00_1.jpg", "precio_peso": "", "precio": "", "oferta": "", "supermercado": "Carrefour"},
{"query": "Cereza", "nombre": "", "imagen_src": "https://static.carrefour.es/hd_350x_/img_pim_food/815092_00_1.jpg", "precio_peso": "", "precio": "", "oferta": "", "supermercado": "Carrefour"},
],
[
{"query": "Fres\u00f3n", "nombre": "", "imagen_src": "https://static.carrefour.es/hd_350x_/img_pim_food/194936_00_2_Bodega.jpg", "precio_peso": "24,64 \u20ac/l", "precio": "17,25 \u20ac", "oferta": "", "supermercado": "Carrefour"},
{"query": "Fres\u00f3n", "nombre": "Ampersand Strawberry Ginebra", "imagen_src": "https://static.carrefour.es/hd_350x_/img_pim_food/392942_00_2_Bodega.jpg", "precio_peso": "21,36 \u20ac/l", "precio": "14,95 \u20ac", "oferta": "", "supermercado": "Carrefour"},
{"query": "Fres\u00f3n", "nombre": "Freson - 1ud. - Jardinera De 40cm", "imagen_src": "https://static.carrefour.es/hd_350x_/imagenes/products/84292/82587/184/8429282587184/imagenGrande1.jpg", "precio_peso": "", "precio": "30,25 \u20ac", "oferta": "", "supermercado": "Carrefour"},
{"query": "Fres\u00f3n", "nombre": "Queso desnatado fresco batido con trozos de fresa Carrefour Classic' sin gluten 500 g.", "imagen_src": "https://static.carrefour.es/hd_350x_/img_pim_food/077257_00_1.jpg", "precio_peso": "4,18 \u20ac/kg", "precio": "2,09 \u20ac", "oferta": "", "supermercado": "Carrefour"},
{"query": "Fres\u00f3n", "nombre": "", "imagen_src": "https://static.carrefour.es/hd_350x_/img_pim_food/930406_00_1.jpg", "precio_peso": "", "precio": "", "oferta": "", "supermercado": "Carrefour"},
{"query": "Fres\u00f3n", "nombre": "", "imagen_src": "https://static.carrefour.es/hd_350x_/img_pim_food/228272_00_1.jpg", "precio_peso": "", "precio": "", "oferta": "", "supermercado": "Carrefour"},
],
[
{"query": "Nectarina", "nombre": "Nectarina de carne amarilla Carrefour 1 kg aprox", "imagen_src": "https://static.carrefour.es/hd_350x_/img_pim_food/551892_00_1.jpg", "precio_peso": "2,69 \u20ac/kg", "precio": "2,69 \u20ac", "oferta": "", "supermercado": "Carrefour"},
{"query": "Nectarina", "nombre": "Nectarina Carrefour tarrina 1 kg", "imagen_src": "https://static.carrefour.es/hd_350x_/img_pim_food/023668_00_1.jpg", "precio_peso": "1,89 \u20ac/kg", "precio": "1,89 \u20ac", "oferta": "", "supermercado": "Carrefour"},
{"query": "Nectarina", "nombre": "Nectarina selecta Carrefour bandeja 4 ud 1 Kg aprox", "imagen_src": "https://static.carrefour.es/hd_350x_/img_pim_food/799729_00_1.jpg", "precio_peso": "5,89 \u20ac/kg", "precio": "5,89 \u20ac", "oferta": "", "supermercado": "Carrefour"},
{"query": "Nectarina", "nombre": "Nectarina Big Top Natural", "imagen_src": "https://static.carrefour.es/hd_350x_/imagenes/products/84365/47045/549/8436547045549/imagenGrande1.jpg", "precio_peso": "", "precio": "49,62 \u20ac", "oferta": "", "supermercado": "Carrefour"},
{"query": "Nectarina", "nombre": "", "imagen_src": "https://static.carrefour.es/hd_350x_/imagenes/products/84365/47045/556/8436547045556/imagenGrande1.jpg", "precio_peso": "", "precio": "49,62 \u20ac", "oferta": "", "supermercado": "Carrefour"},
{"query": "Nectarina", "nombre": "", "imagen_src": "https://static.carrefour.es/hd_350x_/imagenes/products/84292/82588/556/8429282588556/imagenGrande1.jpg", "precio_peso": "", "precio": "25 \u20ac", "oferta": "", "supermercado": "Carrefour"},
],
[
{"query": "Sandia", "nombre": "Sandia rayada 6 kg aprox", "imagen_src": "https://static.carrefour.es/hd_350x_/img_pim_food/035732_00_1.jpg", "precio_peso": "0,69 \u20ac/kg", "precio": "4,14 \u20ac", "oferta": "", "supermercado": "Carrefour"},
{"query": "Sandia", "nombre": "Sandia rayada partida Carrefour 3 kg aprox", "imagen_src": "https://static.carrefour.es/hd_350x_/img_pim_food/578092_00_1.jpg", "precio_peso": "0,89 \u20ac/kg", "precio": "2,67 \u20ac", "oferta": "", "supermercado": "Carrefour"},
{"query": "Sandia", "nombre": "Sandia negra 7 Kg aprox", "imagen_src": "https://static.carrefour.es/hd_350x_/img_pim_food/035722_00_1.jpg", "precio_peso": "0,69 \u20ac/kg", "precio": "4,83 \u20ac", "oferta": "", "supermercado": "Carrefour"},
{"query": "Sandia", "nombre": "Sandia negra partida 3 kg aprox", "imagen_src": "https://static.carrefour.es/hd_350x_/img_pim_food/578107_00_1.jpg", "precio_peso": "0,85 \u20ac/kg", "precio": "2,55 \u20ac", "oferta": "", "supermercado": "Carrefour"},
{"query": "Sandia", "nombre": "", "imagen_src": "https://static.carrefour.es/hd_350x_/img_pim_food/912930_00_1.jpg", "precio_peso": "1,29 \u20ac/kg", "precio": "7,09 \u20ac", "oferta": "", "supermercado": "Carrefour"},
{"query": "Sandia", "nombre": "", "imagen_src": "https://static.carrefour.es/hd_350x_/img_pim_food/340017_00_1.jpg", "precio_peso": "1,65 \u20ac/kg", "precio": "4,95 \u20ac", "oferta": "", "supermercado": "Carrefour"},
],
[
{"query": "Uva verde", "nombre": "Sospechoso Blanco 2020", "imagen_src": "https://static.carrefour.es/hd_350x_/img_pim_food/231182_00_2_Bodega.jpg", "precio_peso": "8,40 \u20ac/ud", "precio": "8,40 \u20ac", "oferta": "", "supermercado": "Carrefour"},
],
[
{"query": "Granada", "nombre": "Granada", "imagen_src": "https://static.carrefour.es/hd_350x_/imagenes/products/97884/17823/153/9788417823153/imagenGrande1.jpg", "precio_peso": "", "precio": "23,70 \u20ac", "oferta": "", "supermercado": "Carrefour"},
{"query": "Granada", "nombre": "Granada", "imagen_src": "https://static.carrefour.es/hd_350x_/imagenes/products/97884/17930/424/9788417930424/imagenGrande1.jpg", "precio_peso": "", "precio": "8,55 \u20ac", "oferta": "", "supermercado": "Carrefour"},
{"query": "Granada", "nombre": "Granada", "imagen_src": "https://static.carrefour.es/hd_350x_/imagenes/products/97884/17930/899/9788417930899/imagenGrande1.jpg", "precio_peso": "", "precio": "7,60 \u20ac", "oferta": "", "supermercado": "Carrefour"},
{"query": "Granada", "nombre": "Granada", "imagen_src": "https://static.carrefour.es/hd_350x_/imagenes/products/97884/91581/512/9788491581512/imagenGrande1.jpg", "precio_peso": "", "precio": "13,25 \u20ac", "oferta": "", "supermercado": "Carrefour"},
{"query": "Granada", "nombre": "", "imagen_src": "https://static.carrefour.es/hd_350x_/imagenes/products/97884/33861/504/9788433861504/imagenGrande1.jpg", "precio_peso": "", "precio": "", "oferta": "", "supermercado": "Carrefour"},
{"query": "Granada", "nombre": "", "imagen_src": "https://static.carrefour.es/hd_350x_/imagenes/products/97884/78073/641/9788478073641/imagenGrande1.jpg", "precio_peso": "", "precio": "", "oferta": "", "supermercado": "Carrefour"},
],
[
{"query": "Acelga", "nombre": "Acelgas sin sal anadida Carrefour 425 g.", "imagen_src": "https://static.carrefour.es/hd_350x_/img_pim_food/169934_00_1.jpg", "precio_peso": "2,33 \u20ac/kg", "precio": "0,99 \u20ac", "oferta": "", "supermercado": "Carrefour"},
{"query": "Acelga", "nombre": "Acelga cortada Carrefour 300 g", "imagen_src": "https://static.carrefour.es/hd_350x_/img_pim_food/261440_00_1.jpg", "precio_peso": "3,50 \u20ac/kg", "precio": "1,05 \u20ac", "oferta": "", "supermercado": "Carrefour"},
{"query": "Acelga", "nombre": "Acelgas en hoja Carrefour 400 g.", "imagen_src": "https://static.carrefour.es/hd_350x_/img_pim_food/231889_00_1.jpg", "precio_peso": "2,07 \u20ac/kg", "precio": "0,83 \u20ac", "oferta": "", "supermercado": "Carrefour"},
{"query": "Acelga", "nombre": "Acelgas manojo de 1 kg", "imagen_src": "https://static.carrefour.es/hd_350x_/img_pim_food/176736_00_1.jpg", "precio_peso": "2,25 \u20ac/kg", "precio": "2,25 \u20ac", "oferta": "", "supermercado": "Carrefour"},
{"query": "Acelga", "nombre": "", "imagen_src": "https://static.carrefour.es/hd_350x_/img_pim_food/891921_00_1.jpg", "precio_peso": "", "precio": "", "oferta": "", "supermercado": "Carrefour"},
{"query": "Acelga", "nombre": "", "imagen_src": "https://static.carrefour.es/hd_350x_/imagenes/products/84354/50442/049/8435450442049/imagenGrande1.jpg", "precio_peso": "", "precio": "", "oferta": "", "supermercado": "Carrefour"},
],
[
{"query": "Apio", "nombre": "Apio blanco 500 g", "imagen_src": "https://static.carrefour.es/hd_350x_/img_pim_food/175861_00_1.jpg", "precio_peso": "2,98 \u20ac/kg", "precio": "1,49 \u20ac", "oferta": "", "supermercado": "Carrefour"},
{"query": "Apio", "nombre": "Apio verde manojo de 1 Kg", "imagen_src": "https://static.carrefour.es/hd_350x_/img_pim_food/050289_00_1.jpg", "precio_peso": "1,90 \u20ac/kg", "precio": "1,90 \u20ac", "oferta": "", "supermercado": "Carrefour"},
{"query": "Apio", "nombre": "Apio verde ecologico Carrefour Bio 400 g", "imagen_src": "https://static.carrefour.es/hd_350x_/img_pim_food/362628_00_1.jpg", "precio_peso": "4,47 \u20ac/kg", "precio": "1,79 \u20ac", "oferta": "", "supermercado": "Carrefour"},
{"query": "Apio", "nombre": "Apio en tiras Classic Carrefour, 250 g.", "imagen_src": "https://static.carrefour.es/hd_350x_/img_pim_food/705379_00_1.jpg", "precio_peso": "5,80 \u20ac/kg", "precio": "1,45 \u20ac", "oferta": "", "supermercado": "Carrefour"},
{"query": "Apio", "nombre": "", "imagen_src": "https://static.carrefour.es/hd_350x_/imagenes/products/84237/37001/584/8423737001584/imagenGrande1.jpg", "precio_peso": "", "precio": "15,75 \u20ac", "oferta": "", "supermercado": "Carrefour"},
{"query": "Apio", "nombre": "", "imagen_src": "https://static.carrefour.es/hd_350x_/imagenes/products/84237/37008/088/8423737008088/imagenGrande1.jpg", "precio_peso": "", "precio": "57,80 \u20ac", "oferta": "", "supermercado": "Carrefour"},
],
[
{"query": "Col de bruselas", "nombre": "Coles de Bruselas Carrefour 450 g.", "imagen_src": "https://static.carrefour.es/hd_350x_/img_pim_food/673181_00_1.jpg", "precio_peso": "2,67 \u20ac/kg", "precio": "1,20 \u20ac", "oferta": "", "supermercado": "Carrefour"},
{"query": "Col de bruselas", "nombre": "Coles de Bruselas 500 g", "imagen_src": "https://static.carrefour.es/hd_350x_/img_pim_food/053777_00_1.jpg", "precio_peso": "6,98 \u20ac/kg", "precio": "3,49 \u20ac", "oferta": "", "supermercado": "Carrefour"},
{"query": "Col de bruselas", "nombre": "Coles de bruselas sin sal anadida en tarro Carrefour 400 g.", "imagen_src": "https://static.carrefour.es/hd_350x_/img_pim_food/206015_00_1.jpg", "precio_peso": "4 \u20ac/kg", "precio": "1,60 \u20ac", "oferta": "", "supermercado": "Carrefour"},
{"query": "Col de bruselas", "nombre": "Rocalba Semilla Col De Bruselas M.enana Halle 500g", "imagen_src": "https://static.carrefour.es/hd_350x_/imagenes/products/84237/37072/676/8423737072676/imagenGrande1.jpg", "precio_peso": "", "precio": "42,50 \u20ac", "oferta": "", "supermercado": "Carrefour"},
{"query": "Col de bruselas", "nombre": "", "imagen_src": "https://static.carrefour.es/hd_350x_/imagenes/products/84237/37082/361/8423737082361/imagenGrande1.jpg", "precio_peso": "", "precio": "1,50 \u20ac", "oferta": "", "supermercado": "Carrefour"},
{"query": "Col de bruselas", "nombre": "", "imagen_src": "https://static.carrefour.es/hd_350x_/imagenes/products/84324/04833/519/8432404833519/imagenGrande1.jpg", "precio_peso": "", "precio": "61,80 \u20ac", "oferta": "", "supermercado": "Carrefour"},
],
[
{"query": "Col repollo", "nombre": "Semillas De Col Repollo Quintal De Alsacia", "imagen_src": "https://static.carrefour.es/hd_350x_/imagenes/products/84237/37082/446/8423737082446/imagenGrande1.jpg", "precio_peso": "", "precio": "1,50 \u20ac", "oferta": "", "supermercado": "Carrefour"},
{"query": "Col repollo", "nombre": "Semillas De Col Repollo Corazon De Buey Vilmorin 6g", "imagen_src": "https://static.carrefour.es/hd_350x_/imagenes/products/31826/70043/741/3182670043741/imagenGrande1.jpg", "precio_peso": "", "precio": "2,75 \u20ac", "oferta": "", "supermercado": "Carrefour"},
{"query": "Col repollo", "nombre": "Semillas De Col Repollo Brunswick Vilmorin 6g", "imagen_src": "https://static.carrefour.es/hd_350x_/imagenes/products/31826/70043/758/3182670043758/imagenGrande1.jpg", "precio_peso": "", "precio": "2,75 \u20ac", "oferta": "", "supermercado": "Carrefour"},
{"query": "Col repollo", "nombre": "Semillas De Col Repollo Bacalan De Rennes Vilmorin 6g", "imagen_src": "https://static.carrefour.es/hd_350x_/imagenes/products/31826/70043/765/3182670043765/imagenGrande1.jpg", "precio_peso": "", "precio": "2,75 \u20ac", "oferta": "", "supermercado": "Carrefour"},
{"query": "Col repollo", "nombre": "", "imagen_src": "https://static.carrefour.es/hd_350x_/imagenes/products/84149/34140/718/8414934140718/imagenGrande1.jpg", "precio_peso": "", "precio": "1,75 \u20ac", "oferta": "", "supermercado": "Carrefour"},
{"query": "Col repollo", "nombre": "", "imagen_src": "https://static.carrefour.es/hd_350x_/imagenes/products/84237/37009/412/8423737009412/imagenGrande1.jpg", "precio_peso": "", "precio": "10,50 \u20ac", "oferta": "", "supermercado": "Carrefour"},
],
[
{"query": "Endibia", "nombre": "Semillas De Endivia De Bruselas", "imagen_src": "https://static.carrefour.es/hd_350x_/imagenes/products/84149/34295/111/8414934295111/imagenGrande1.jpg", "precio_peso": "", "precio": "1,35 \u20ac", "oferta": "", "supermercado": "Carrefour"},
{"query": "Endibia", "nombre": "Rocalba Semilla Endivia Mechelse Middelvroeg 100g", "imagen_src": "https://static.carrefour.es/hd_350x_/imagenes/products/84237/37038/955/8423737038955/imagenGrande1.jpg", "precio_peso": "", "precio": "9,95 \u20ac", "oferta": "", "supermercado": "Carrefour"},
{"query": "Endibia", "nombre": "Rocalba Semilla Endivia Mechelse Middelvroeg 500g", "imagen_src": "https://static.carrefour.es/hd_350x_/imagenes/products/84237/37039/136/8423737039136/imagenGrande1.jpg", "precio_peso": "", "precio": "43,70 \u20ac", "oferta": "", "supermercado": "Carrefour"},
{"query": "Endibia", "nombre": "Rocalba Endivia Mechelse Middelvroeg 10g", "imagen_src": "https://static.carrefour.es/hd_350x_/imagenes/products/84237/37082/569/8423737082569/imagenGrande1.jpg", "precio_peso": "", "precio": "1,50 \u20ac", "oferta": "", "supermercado": "Carrefour"},
],
[
{"query": "Escarola", "nombre": "Corazon de escarola Carrefour 150 g", "imagen_src": "https://static.carrefour.es/hd_350x_/img_pim_food/522123_00_1.jpg", "precio_peso": "7,67 \u20ac/kg", "precio": "1,15 \u20ac", "oferta": "", "supermercado": "Carrefour"},
{"query": "Escarola", "nombre": "Escarola rizada 1 ud", "imagen_src": "https://static.carrefour.es/hd_350x_/img_pim_food/050298_00_1.jpg", "precio_peso": "1,25 \u20ac/ud", "precio": "1,25 \u20ac", "oferta": "", "supermercado": "Carrefour"},
{"query": "Escarola", "nombre": "Rocalba Semilla Escarola Gigante Hort.maraichere 500g", "imagen_src": "https://static.carrefour.es/hd_350x_/imagenes/products/84237/37004/486/8423737004486/imagenGrande1.jpg", "precio_peso": "", "precio": "41,50 \u20ac", "oferta": "", "supermercado": "Carrefour"},
{"query": "Escarola", "nombre": "Rocalba Semilla Escarola Rizada Perruca Del Prat 100g", "imagen_src": "https://static.carrefour.es/hd_350x_/imagenes/products/84237/37007/456/8423737007456/imagenGrande1.jpg", "precio_peso": "", "precio": "9,95 \u20ac", "oferta": "", "supermercado": "Carrefour"},
{"query": "Escarola", "nombre": "", "imagen_src": "https://static.carrefour.es/hd_350x_/imagenes/products/84237/37007/593/8423737007593/imagenGrande1.jpg", "precio_peso": "", "precio": "41,50 \u20ac", "oferta": "", "supermercado": "Carrefour"},
{"query": "Escarola", "nombre": "", "imagen_src": "https://static.carrefour.es/hd_350x_/imagenes/products/84237/37027/836/8423737027836/imagenGrande1.jpg", "precio_peso": "", "precio": "9,95 \u20ac", "oferta": "", "supermercado": "Carrefour"},
],
[
{"query": "Esp\u00e1rrago blanco en conserva", "nombre": "", "imagen_src": "https://static.carrefour.es/hd_350x_/img_pim_food/898918_00_1.jpg", "precio_peso": "9,37 \u20ac/kg", "precio": "1,92 \u20ac", "oferta": "", "supermercado": "Carrefour"},
{"query": "Esp\u00e1rrago blanco en conserva", "nombre": "Esparragos blancos extra 8/12 Carretilla 205 g.", "imagen_src": "https://static.carrefour.es/hd_350x_/img_pim_food/048556_00_1.jpg", "precio_peso": "13,41 \u20ac/kg", "precio": "2,75 \u20ac", "oferta": "", "supermercado": "Carrefour"},
{"query": "Esp\u00e1rrago blanco en conserva", "nombre": "Esparragos blancos cortos medios 10/18 Carrefour 110 g.", "imagen_src": "https://static.carrefour.es/hd_350x_/img_pim_food/846475_00_1.jpg", "precio_peso": "14,09 \u20ac/kg", "precio": "1,55 \u20ac", "oferta": "", "supermercado": "Carrefour"},
{"query": "Esp\u00e1rrago blanco en conserva", "nombre": "Esparragos blancos gruesos bajo contenido en sal Carrefour 205 g.", "imagen_src": "https://static.carrefour.es/hd_350x_/img_pim_food/851802_00_1.jpg", "precio_peso": "9,71 \u20ac/kg", "precio": "1,99 \u20ac", "oferta": "", "supermercado": "Carrefour"},
{"query": "Esp\u00e1rrago blanco en conserva", "nombre": "", "imagen_src": "https://static.carrefour.es/hd_350x_/img_pim_food/231106_00_1.jpg", "precio_peso": "", "precio": "3,99 \u20ac", "oferta": "", "supermercado": "Carrefour"},
{"query": "Esp\u00e1rrago blanco en conserva", "nombre": "", "imagen_src": "https://static.carrefour.es/hd_350x_/img_pim_food/637290_00_1.jpg", "precio_peso": "", "precio": "1,65 \u20ac", "oferta": "", "supermercado": "Carrefour"},
],
[
{"query": "Esp\u00e1rrago verde", "nombre": "Esparrago verde manojo de 300 g", "imagen_src": "https://static.carrefour.es/hd_350x_/img_pim_food/092834_00_1.jpg", "precio_peso": "9,83 \u20ac/kg", "precio": "2,95 \u20ac", "oferta": "", "supermercado": "Carrefour"},
{"query": "Esp\u00e1rrago verde", "nombre": "Esparragos verdes Carrefour 190 g.", "imagen_src": "https://static.carrefour.es/hd_350x_/img_pim_food/182325_00_1.jpg", "precio_peso": "11,53 \u20ac/kg", "precio": "2,19 \u20ac", "oferta": "", "supermercado": "Carrefour"},
{"query": "Esp\u00e1rrago verde", "nombre": "Esparrago verde manojo de 400 g", "imagen_src": "https://static.carrefour.es/hd_350x_/img_pim_food/050221_00_1.jpg", "precio_peso": "7,98 \u20ac/kg", "precio": "3,99 \u20ac", "oferta": "", "supermercado": "Carrefour"},
{"query": "Esp\u00e1rrago verde", "nombre": "Esparrago verde barbacoa selecta manojo de 500 g", "imagen_src": "https://static.carrefour.es/hd_350x_/img_pim_food/763637_00_1.jpg", "precio_peso": "9,90 \u20ac/kg", "precio": "4,95 \u20ac", "oferta": "", "supermercado": "Carrefour"},
{"query": "Esp\u00e1rrago verde", "nombre": "", "imagen_src": "https://static.carrefour.es/hd_350x_/img_pim_food/091682_00_1.jpg", "precio_peso": "24,90 \u20ac/kg", "precio": "2,49 \u20ac", "oferta": "", "supermercado": "Carrefour"},
{"query": "Esp\u00e1rrago verde", "nombre": "", "imagen_src": "https://static.carrefour.es/hd_350x_/img_pim_food/457393_00_1.jpg", "precio_peso": "22,65 \u20ac/kg", "precio": "4,19 \u20ac", "oferta": "", "supermercado": "Carrefour"},
],
[
{"query": "Espinacas", "nombre": "Espinaca troceada Carrefour 300 g", "imagen_src": "https://static.carrefour.es/hd_350x_/img_pim_food/261718_00_1.jpg", "precio_peso": "3,50 \u20ac/kg", "precio": "1,05 \u20ac", "oferta": "", "supermercado": "Carrefour"},
{"query": "Espinacas", "nombre": "Espinacas cortadas en porciones Carrefour 400 g.", "imagen_src": "https://static.carrefour.es/hd_350x_/img_pim_food/831069_00_1.jpg", "precio_peso": "1,87 \u20ac/kg", "precio": "0,75 \u20ac", "oferta": "", "supermercado": "Carrefour"},
{"query": "Espinacas", "nombre": "Espinacas cortadas Carrefour 1 kg.", "imagen_src": "https://static.carrefour.es/hd_350x_/img_pim_food/673513_00_1.jpg", "precio_peso": "1,25 \u20ac/kg", "precio": "1,25 \u20ac", "oferta": "", "supermercado": "Carrefour"},
{"query": "Espinacas", "nombre": "Espinacas hojas en porciones Carrefour 1 kg.", "imagen_src": "https://static.carrefour.es/hd_350x_/img_pim_food/666796_00_1.jpg", "precio_peso": "1,25 \u20ac/kg", "precio": "1,25 \u20ac", "oferta": "", "supermercado": "Carrefour"},
{"query": "Espinacas", "nombre": "", "imagen_src": "https://static.carrefour.es/hd_350x_/img_pim_food/341975_00_1.jpg", "precio_peso": "", "precio": "", "oferta": "", "supermercado": "Carrefour"},
{"query": "Espinacas", "nombre": "", "imagen_src": "https://static.carrefour.es/hd_350x_/img_pim_food/496499_00_1.jpg", "precio_peso": "", "precio": "", "oferta": "", "supermercado": "Carrefour"},
],
[
{"query": "Lechuga", "nombre": "Lechuga romana 1 ud", "imagen_src": "https://static.carrefour.es/hd_350x_/img_pim_food/050303_00_1.jpg", "precio_peso": "1 \u20ac/ud", "precio": "1 \u20ac", "oferta": "", "supermercado": "Carrefour"},
{"query": "Lechuga", "nombre": "Lechuga iceberg Carrefour 250 g", "imagen_src": "https://static.carrefour.es/hd_350x_/img_pim_food/478340_00_1.jpg", "precio_peso": "3,16 \u20ac/kg", "precio": "0,79 \u20ac", "oferta": "", "supermercado": "Carrefour"},
{"query": "Lechuga", "nombre": "Lechuga batavia verde 1 ud", "imagen_src": "https://static.carrefour.es/hd_350x_/img_pim_food/385584_00_1.jpg", "precio_peso": "1,25 \u20ac/ud", "precio": "1,25 \u20ac", "oferta": "", "supermercado": "Carrefour"},
{"query": "Lechuga", "nombre": "Corazon de cogollos de lechuga Circulo de Calidad 500 g", "imagen_src": "https://static.carrefour.es/hd_350x_/img_pim_food/390584_00_1.jpg", "precio_peso": "3,80 \u20ac/kg", "precio": "1,90 \u20ac", "oferta": "", "supermercado": "Carrefour"},
{"query": "Lechuga", "nombre": "", "imagen_src": "https://static.carrefour.es/hd_350x_/img_pim_food/142715_00_1.jpg", "precio_peso": "", "precio": "", "oferta": "", "supermercado": "Carrefour"},
{"query": "Lechuga", "nombre": "", "imagen_src": "https://static.carrefour.es/hd_350x_/img_pim_food/738677_00_1.jpg", "precio_peso": "", "precio": "", "oferta": "", "supermercado": "Carrefour"},
],
[
{"query": "Ma\u00edz dulce", "nombre": "Maiz Dulce Carrefour pack de 3unidades de 140 g.", "imagen_src": "https://static.carrefour.es/hd_350x_/img_pim_food/906098_00_1.jpg", "precio_peso": "2,95 \u20ac/kg", "precio": "1,24 \u20ac", "oferta": "", "supermercado": "Carrefour"},
{"query": "Ma\u00edz dulce", "nombre": "Maiz dulce Bonduelle pack de 3 unidades de 140 g.", "imagen_src": "https://static.carrefour.es/hd_350x_/img_pim_food/048156_00_1.jpg", "precio_peso": "6,79 \u20ac/kg", "precio": "2,85 \u20ac", "oferta": "", "supermercado": "Carrefour"},
{"query": "Ma\u00edz dulce", "nombre": "Maiz dulce Carrefour pack de 6 unidades de 70 g.", "imagen_src": "https://static.carrefour.es/hd_350x_/img_pim_food/991073_00_1.jpg", "precio_peso": "4,74 \u20ac/kg", "precio": "1,99 \u20ac", "oferta": "", "supermercado": "Carrefour"},
{"query": "Ma\u00edz dulce", "nombre": "Maiz dulce sin azucar anadido Carrefour 285 g.", "imagen_src": "https://static.carrefour.es/hd_350x_/img_pim_food/898015_00_1.jpg", "precio_peso": "2,60 \u20ac/kg", "precio": "0,74 \u20ac", "oferta": "", "supermercado": "Carrefour"},
{"query": "Ma\u00edz dulce", "nombre": "", "imagen_src": "https://static.carrefour.es/hd_350x_/img_pim_food/231899_00_1.jpg", "precio_peso": "", "precio": "0,99 \u20ac", "oferta": "", "supermercado": "Carrefour"},
{"query": "Ma\u00edz dulce", "nombre": "", "imagen_src": "https://static.carrefour.es/hd_350x_/img_pim_food/081858_00_1.jpg", "precio_peso": "", "precio": "0,99 \u20ac", "oferta": "", "supermercado": "Carrefour"},
],
[
{"query": "Pepino", "nombre": "", "imagen_src": "https://static.carrefour.es/hd_350x_/img_pim_food/451456_00_1.jpg", "precio_peso": "1,49 \u20ac/kg", "precio": "1,49 \u20ac", "oferta": "", "supermercado": "Carrefour"},
{"query": "Pepino", "nombre": "Pepino ecologico Carrefour Bio 700 g", "imagen_src": "https://static.carrefour.es/hd_350x_/img_pim_food/055349_00_1.jpg", "precio_peso": "2,70 \u20ac/kg", "precio": "1,89 \u20ac", "oferta": "", "supermercado": "Carrefour"},
{"query": "Pepino", "nombre": "Tomate ensalada 1 kg aprox", "imagen_src": "https://static.carrefour.es/hd_350x_/img_pim_food/050265_00_1.jpg", "precio_peso": "1,79 \u20ac/kg", "precio": "1,79 \u20ac", "oferta": "", "supermercado": "Carrefour"},
{"query": "Pepino", "nombre": "Tomate cherry Carrefour 500 g", "imagen_src": "https://static.carrefour.es/hd_350x_/img_pim_food/646380_00_1.jpg", "precio_peso": "3,58 \u20ac/kg", "precio": "1,79 \u20ac", "oferta": "", "supermercado": "Carrefour"},
{"query": "Pepino", "nombre": "", "imagen_src": "https://static.carrefour.es/hd_350x_/img_pim_food/143151_00_1.jpg", "precio_peso": "", "precio": "1,99 \u20ac", "oferta": "", "supermercado": "Carrefour"},
{"query": "Pepino", "nombre": "", "imagen_src": "https://static.carrefour.es/hd_350x_/img_pim_food/452947_00_1.jpg", "precio_peso": "", "precio": "1,29 \u20ac", "oferta": "", "supermercado": "Carrefour"},
],
[
{"query": "Tomate ", "nombre": "Tomate ensalada 1 kg aprox", "imagen_src": "https://static.carrefour.es/hd_350x_/img_pim_food/050265_00_1.jpg", "precio_peso": "1,79 \u20ac/kg", "precio": "1,79 \u20ac", "oferta": "", "supermercado": "Carrefour"},
{"query": "Tomate ", "nombre": "Tomate rama Carrefour 1 kg aprox", "imagen_src": "https://static.carrefour.es/hd_350x_/img_pim_food/718723_00_1.jpg", "precio_peso": "1,89 \u20ac/kg", "precio": "1,89 \u20ac", "oferta": "", "supermercado": "Carrefour"},
{"query": "Tomate ", "nombre": "Tomate rama ecologico Carrefour Bio 500 g", "imagen_src": "https://static.carrefour.es/hd_350x_/img_pim_food/738652_00_1.jpg", "precio_peso": "3,70 \u20ac/kg", "precio": "1,85 \u20ac", "oferta": "", "supermercado": "Carrefour"},
{"query": "Tomate ", "nombre": "Tomate otello 500 g aprox", "imagen_src": "https://static.carrefour.es/hd_350x_/img_pim_food/615116_00_1.jpg", "precio_peso": "2,89 \u20ac/kg", "precio": "1,44 \u20ac", "oferta": "", "supermercado": "Carrefour"},
{"query": "Tomate ", "nombre": "", "imagen_src": "https://static.carrefour.es/hd_350x_/img_pim_food/775313_00_1.jpg", "precio_peso": "", "precio": "", "oferta": "", "supermercado": "Carrefour"},
{"query": "Tomate ", "nombre": "", "imagen_src": "https://static.carrefour.es/hd_350x_/img_pim_food/841327_00_1.jpg", "precio_peso": "", "precio": "", "oferta": "", "supermercado": "Carrefour"},
],
[
{"query": "Chiriv\u00eda", "nombre": "Tarrito de brocoli, cordero y chirivia desde 6 meses ecologico Smileat sin gluten 230 g.", "imagen_src": "https://static.carrefour.es/hd_350x_/img_pim_food/271604_00_1.jpg", "precio_peso": "9,96 \u20ac/kg", "precio": "2,29 \u20ac", "oferta": "", "supermercado": "Carrefour"},
{"query": "Chiriv\u00eda", "nombre": "Semillas De Chirivia Guernesey Vilmorin 7g", "imagen_src": "https://static.carrefour.es/hd_350x_/imagenes/products/31826/70044/502/3182670044502/imagenGrande1.jpg", "precio_peso": "", "precio": "2,75 \u20ac", "oferta": "", "supermercado": "Carrefour"},
{"query": "Chiriv\u00eda", "nombre": "Rocalba Semilla Chirivia Medio Larga Guernesey 100g", "imagen_src": "https://static.carrefour.es/hd_350x_/imagenes/products/84237/37024/385/8423737024385/imagenGrande1.jpg", "precio_peso": "", "precio": "7,65 \u20ac", "oferta": "", "supermercado": "Carrefour"},
{"query": "Chiriv\u00eda", "nombre": "Rocalba Semilla Chirivia Medio Larga Guernesey 500g", "imagen_src": "https://static.carrefour.es/hd_350x_/imagenes/products/84237/37068/556/8423737068556/imagenGrande1.jpg", "precio_peso": "", "precio": "29,95 \u20ac", "oferta": "", "supermercado": "Carrefour"},
{"query": "Chiriv\u00eda", "nombre": "", "imagen_src": "https://static.carrefour.es/hd_350x_/imagenes/products/84237/37082/552/8423737082552/imagenGrande1.jpg", "precio_peso": "", "precio": "", "oferta": "", "supermercado": "Carrefour"},
{"query": "Chiriv\u00eda", "nombre": "", "imagen_src": "https://static.carrefour.es/hd_350x_/imagenes/products/40187/61142/545/4018761142545/imagenGrande1.jpg", "precio_peso": "", "precio": "", "oferta": "", "supermercado": "Carrefour"},
],
[
{"query": "Champi\u00f1\u00f3n", "nombre": "Champinon en trozos Classic Carrefour 230 g.", "imagen_src": "https://static.carrefour.es/hd_350x_/img_pim_food/679117_00_1.jpg", "precio_peso": "4,30 \u20ac/kg", "precio": "0,99 \u20ac", "oferta": "", "supermercado": "Carrefour"},
{"query": "Champi\u00f1\u00f3n", "nombre": "Champinon pie cortado Carrefour 600 g aprox", "imagen_src": "https://static.carrefour.es/hd_350x_/img_pim_food/271642_00_1.jpg", "precio_peso": "4,40 \u20ac/kg", "precio": "2,64 \u20ac", "oferta": "", "supermercado": "Carrefour"},
{"query": "Champi\u00f1\u00f3n", "nombre": "Champinon laminado Carrefour bandeja de 400 g aprox", "imagen_src": "https://static.carrefour.es/hd_350x_/img_pim_food/271583_00_1.jpg", "precio_peso": "4,99 \u20ac/kg", "precio": "2 \u20ac", "oferta": "", "supermercado": "Carrefour"},
{"query": "Champi\u00f1\u00f3n", "nombre": "Champinones laminados Carrefour 230 g.", "imagen_src": "https://static.carrefour.es/hd_350x_/img_pim_food/530648_00_1.jpg", "precio_peso": "5 \u20ac/kg", "precio": "1,15 \u20ac", "oferta": "", "supermercado": "Carrefour"},
{"query": "Champi\u00f1\u00f3n", "nombre": "", "imagen_src": "https://static.carrefour.es/hd_350x_/img_pim_food/110129_00_1.jpg", "precio_peso": "", "precio": "2,45 \u20ac", "oferta": "", "supermercado": "Carrefour"},
{"query": "Champi\u00f1\u00f3n", "nombre": "", "imagen_src": "https://static.carrefour.es/hd_350x_/img_pim_food/530666_00_1.jpg", "precio_peso": "", "precio": "2,15 \u20ac", "oferta": "", "supermercado": "Carrefour"},
],
[
{"query": "Nabo", "nombre": "Nabo blanco manojo de 500 g", "imagen_src": "https://static.carrefour.es/hd_350x_/img_pim_food/050309_00_1.jpg", "precio_peso": "3,38 \u20ac/ud", "precio": "1,69 \u20ac", "oferta": "", "supermercado": "Carrefour"},
{"query": "Nabo", "nombre": "Cd. Ibrahim Nabo. Dounia", "imagen_src": "https://static.carrefour.es/hd_350x_/imagenes/products/06024/98458/013/0602498458013/imagenGrande1.jpg", "precio_peso": "", "precio": "6,55 \u20ac", "oferta": "", "supermercado": "Carrefour"},
{"query": "Nabo", "nombre": "Semillas De Nabo Medio Largo Gigante Toronda", "imagen_src": "https://static.carrefour.es/hd_350x_/imagenes/products/84149/34046/461/8414934046461/imagenGrande1.jpg", "precio_peso": "", "precio": "3,32 \u20ac", "oferta": "", "supermercado": "Carrefour"},
{"query": "Nabo", "nombre": "Rocalba Nabo De Mesa Virtudes Martillo 10g", "imagen_src": "https://static.carrefour.es/hd_350x_/imagenes/products/84237/37082/927/8423737082927/imagenGrande1.jpg", "precio_peso": "", "precio": "1,50 \u20ac", "oferta": "", "supermercado": "Carrefour"},
{"query": "Nabo", "nombre": "", "imagen_src": "https://static.carrefour.es/hd_350x_/imagenes/products/84237/37082/941/8423737082941/imagenGrande1.jpg", "precio_peso": "", "precio": "", "oferta": "", "supermercado": "Carrefour"},
{"query": "Nabo", "nombre": "", "imagen_src": "https://static.carrefour.es/hd_350x_/imagenes/products/84237/37084/761/8423737084761/imagenGrande1.jpg", "precio_peso": "", "precio": "", "oferta": "", "supermercado": "Carrefour"},
],
[
{"query": "R\u00e1bano", "nombre": "Rabano Negro Y Alcachofa Biologico Depurativo 20 Viales Intersa", "imagen_src": "https://static.carrefour.es/hd_350x_/imagenes/products/84135/68020/694/8413568020694/imagenGrande1.jpg", "precio_peso": "", "precio": "17,15 \u20ac", "oferta": "", "supermercado": "Carrefour"},
{"query": "R\u00e1bano", "nombre": "Rabano Negro Plus Integralia, 20 Viales", "imagen_src": "https://static.carrefour.es/hd_350x_/imagenes/products/84360/00543/476/8436000543476/imagenGrande1.jpg", "precio_peso": "", "precio": "19,59 \u20ac", "oferta": "", "supermercado": "Carrefour"},
{"query": "R\u00e1bano", "nombre": "Rabanofit Rabano Negro Bio 20 Amp Superdiet", "imagen_src": "https://static.carrefour.es/hd_350x_/imagenes/products/34288/81270/102/3428881270102/imagenGrande1.jpg", "precio_peso": "", "precio": "20,36 \u20ac", "oferta": "", "supermercado": "Carrefour"},
{"query": "R\u00e1bano", "nombre": "Oligophytum Azufre (rabano Negro) Holistica", "imagen_src": "https://static.carrefour.es/hd_350x_/imagenes/products/34772/80000/278/3477280000278/imagenGrande1.jpg", "precio_peso": "", "precio": "13,52 \u20ac", "oferta": "", "supermercado": "Carrefour"},
{"query": "R\u00e1bano", "nombre": "", "imagen_src": "https://static.carrefour.es/hd_350x_/imagenes/products/80239/66701/332/8023966701332/imagenGrande1.jpg", "precio_peso": "", "precio": "", "oferta": "", "supermercado": "Carrefour"},
{"query": "R\u00e1bano", "nombre": "", "imagen_src": "https://static.carrefour.es/hd_350x_/imagenes/products/84149/34066/810/8414934066810/imagenGrande1.jpg", "precio_peso": "", "precio": "", "oferta": "", "supermercado": "Carrefour"},
],
[
{"query": "Zanahoria", "nombre": "Zanahoria Circulo de Calidad 500 g aprox", "imagen_src": "https://static.carrefour.es/hd_350x_/img_pim_food/369458_00_1.jpg", "precio_peso": "1,18 \u20ac/kg", "precio": "0,59 \u20ac", "oferta": "", "supermercado": "Carrefour"},
{"query": "Zanahoria", "nombre": "Zanahoria Carrefour 1 kg", "imagen_src": "https://static.carrefour.es/hd_350x_/img_pim_food/235422_00_1.jpg", "precio_peso": "0,69 \u20ac/kg", "precio": "0,69 \u20ac", "oferta": "", "supermercado": "Carrefour"},
{"query": "Zanahoria", "nombre": "Zanahoria ecologica Carrefour Bio 750 g", "imagen_src": "https://static.carrefour.es/hd_350x_/img_pim_food/131885_00_1.jpg", "precio_peso": "2,65 \u20ac/kg", "precio": "1,99 \u20ac", "oferta": "", "supermercado": "Carrefour"},
{"query": "Zanahoria", "nombre": "Zanahoria manojo de 750 g", "imagen_src": "https://static.carrefour.es/hd_350x_/img_pim_food/050321_00_1.jpg", "precio_peso": "1,72 \u20ac/kg", "precio": "1,29 \u20ac", "oferta": "", "supermercado": "Carrefour"},
{"query": "Zanahoria", "nombre": "", "imagen_src": "https://static.carrefour.es/hd_350x_/img_pim_food/705230_00_1.jpg", "precio_peso": "", "precio": "0,99 \u20ac", "oferta": "", "supermercado": "Carrefour"},
{"query": "Zanahoria", "nombre": "", "imagen_src": "https://static.carrefour.es/hd_350x_/img_pim_food/244812_00_1.jpg", "precio_peso": "", "precio": "0,99 \u20ac", "oferta": "", "supermercado": "Carrefour"},
],
[
{"query": "Cebolla ", "nombre": "Cebolla Carrefour 1 Kg", "imagen_src": "https://static.carrefour.es/hd_350x_/img_pim_food/235457_00_1.jpg", "precio_peso": "1,35 \u20ac/kg", "precio": "1,35 \u20ac", "oferta": "", "supermercado": "Carrefour"},
{"query": "Cebolla ", "nombre": "Cebolla Carrefour 2 kg", "imagen_src": "https://static.carrefour.es/hd_350x_/img_pim_food/645281_00_1.jpg", "precio_peso": "0,97 \u20ac/kg", "precio": "1,95 \u20ac", "oferta": "", "supermercado": "Carrefour"},
{"query": "Cebolla ", "nombre": "Cebolla roja Carrefour 500 g", "imagen_src": "https://static.carrefour.es/hd_350x_/img_pim_food/795908_00_1.jpg", "precio_peso": "2,30 \u20ac/kg", "precio": "1,15 \u20ac", "oferta": "", "supermercado": "Carrefour"},
{"query": "Cebolla ", "nombre": "Cebolla dulce Carrefour 500 g", "imagen_src": "https://static.carrefour.es/hd_350x_/img_pim_food/795906_00_1.jpg", "precio_peso": "3,38 \u20ac/kg", "precio": "1,69 \u20ac", "oferta": "", "supermercado": "Carrefour"},
{"query": "Cebolla ", "nombre": "", "imagen_src": "https://static.carrefour.es/hd_350x_/img_pim_food/429156_00_1.jpg", "precio_peso": "", "precio": "", "oferta": "", "supermercado": "Carrefour"},
{"query": "Cebolla ", "nombre": "", "imagen_src": "https://static.carrefour.es/hd_350x_/img_pim_food/795913_00_1.jpg", "precio_peso": "", "precio": "", "oferta": "", "supermercado": "Carrefour"},
],
[
{"query": "Puerro", "nombre": "Puerro manojo de 750 g aprox", "imagen_src": "https://static.carrefour.es/hd_350x_/img_pim_food/304172_00_1.jpg", "precio_peso": "2,20 \u20ac/kg", "precio": "1,65 \u20ac", "oferta": "", "supermercado": "Carrefour"},
{"query": "Puerro", "nombre": "Puerro Circulo de Calidad 500 g", "imagen_src": "https://static.carrefour.es/hd_350x_/img_pim_food/240832_00_1.jpg", "precio_peso": "3,98 \u20ac/kg", "precio": "1,99 \u20ac", "oferta": "", "supermercado": "Carrefour"},
{"query": "Puerro", "nombre": "Puerro en rodajas Carrefour Classic 1 kg.", "imagen_src": "https://static.carrefour.es/hd_350x_/img_pim_food/796534_00_1.jpg", "precio_peso": "0,99 \u20ac/kg", "precio": "0,99 \u20ac", "oferta": "", "supermercado": "Carrefour"},
{"query": "Puerro", "nombre": "Puerro ecologico manojo de 750 g aprox", "imagen_src": "https://static.carrefour.es/hd_350x_/img_pim_food/462480_00_1.jpg", "precio_peso": "4,27 \u20ac/kg", "precio": "3,20 \u20ac", "oferta": "", "supermercado": "Carrefour"},
{"query": "Puerro", "nombre": "", "imagen_src": "https://static.carrefour.es/hd_350x_/img_pim_food/206033_00_1.jpg", "precio_peso": "", "precio": "3,46 \u20ac", "oferta": "", "supermercado": "Carrefour"},
{"query": "Puerro", "nombre": "", "imagen_src": "https://static.carrefour.es/hd_350x_/img_pim_food/176737_00_1.jpg", "precio_peso": "", "precio": "1,27 \u20ac", "oferta": "", "supermercado": "Carrefour"},
],
[
{"query": "Alcachofa", "nombre": "Corazones de alcachofas 6/8 piezas Carrefour sin lactosa 240 g.", "imagen_src": "https://static.carrefour.es/hd_350x_/img_pim_food/231271_00_1.jpg", "precio_peso": "5,08 \u20ac/kg", "precio": "1,22 \u20ac", "oferta": "", "supermercado": "Carrefour"},
{"query": "Alcachofa", "nombre": "Corazones de alcachofa 8/10 Carrefour 240 g.", "imagen_src": "https://static.carrefour.es/hd_350x_/img_pim_food/045140_00_1.jpg", "precio_peso": "6,04 \u20ac/kg", "precio": "1,45 \u20ac", "oferta": "", "supermercado": "Carrefour"},
{"query": "Alcachofa", "nombre": "Corazones de alcachofas 9/12 unidades Carrefour sin lactosa 175 g.", "imagen_src": "https://static.carrefour.es/hd_350x_/img_pim_food/335846_00_1.jpg", "precio_peso": "9,14 \u20ac/kg", "precio": "1,60 \u20ac", "oferta": "", "supermercado": "Carrefour"},
{"query": "Alcachofa", "nombre": "Alcachofa cortada Carrefour Classic' 400 g.", "imagen_src": "https://static.carrefour.es/hd_350x_/img_pim_food/672976_00_1.jpg", "precio_peso": "4,65 \u20ac/kg", "precio": "1,86 \u20ac", "oferta": "", "supermercado": "Carrefour"},
{"query": "Alcachofa", "nombre": "", "imagen_src": "https://static.carrefour.es/hd_350x_/img_pim_food/306852_00_1.jpg", "precio_peso": "", "precio": "", "oferta": "", "supermercado": "Carrefour"},
{"query": "Alcachofa", "nombre": "", "imagen_src": "https://static.carrefour.es/hd_350x_/img_pim_food/030084_00_1.jpg", "precio_peso": "", "precio": "", "oferta": "", "supermercado": "Carrefour"},
],
[
{"query": "Berenjena ", "nombre": "", "imagen_src": "https://static.carrefour.es/hd_350x_/img_pim_food/180993_00_1.jpg", "precio_peso": "1,90 \u20ac/kg", "precio": "0,95 \u20ac", "oferta": "", "supermercado": "Carrefour"},
{"query": "Berenjena ", "nombre": "Berenjena 2a categoria Carrefour a granel 1 kg aprox", "imagen_src": "https://static.carrefour.es/hd_350x_/img_pim_food/394518_00_1.jpg", "precio_peso": "1,39 \u20ac/kg", "precio": "1,39 \u20ac", "oferta": "", "supermercado": "Carrefour"},
{"query": "Berenjena ", "nombre": "Berenjenas de Almagro De Nuestra Tierra sin gluten 350 g,", "imagen_src": "https://static.carrefour.es/hd_350x_/img_pim_food/335255_00_1.jpg", "precio_peso": "5,97 \u20ac/kg", "precio": "2,09 \u20ac", "oferta": "", "supermercado": "Carrefour"},
{"query": "Berenjena ", "nombre": "Berenjenas asadas en rodajas ultracongeladas Extra Carrefour 600 g.", "imagen_src": "https://static.carrefour.es/hd_350x_/img_pim_food/713847_00_1.jpg", "precio_peso": "2,92 \u20ac/kg", "precio": "1,75 \u20ac", "oferta": "", "supermercado": "Carrefour"},
{"query": "Berenjena ", "nombre": "", "imagen_src": "https://static.carrefour.es/hd_350x_/img_pim_food/038884_00_1.jpg", "precio_peso": "", "precio": "", "oferta": "", "supermercado": "Carrefour"},
{"query": "Berenjena ", "nombre": "", "imagen_src": "https://static.carrefour.es/hd_350x_/img_pim_food/335250_00_1.jpg", "precio_peso": "", "precio": "", "oferta": "", "supermercado": "Carrefour"},
],
[
{"query": "Calabac\u00edn ", "nombre": "Calabacin Carrefour malla de 1 kg", "imagen_src": "https://static.carrefour.es/hd_350x_/img_pim_food/181019_00_1.jpg", "precio_peso": "1,59 \u20ac/kg", "precio": "1,59 \u20ac", "oferta": "", "supermercado": "Carrefour"},
{"query": "Calabac\u00edn ", "nombre": "Calabacin redondo Carrefour 1 kg aprox", "imagen_src": "https://static.carrefour.es/hd_350x_/img_pim_food/670787_00_1.jpg", "precio_peso": "1,99 \u20ac/kg", "precio": "1,99 \u20ac", "oferta": "", "supermercado": "Carrefour"},
{"query": "Calabac\u00edn ", "nombre": "Calabacin 1kg", "imagen_src": "https://static.carrefour.es/hd_350x_/imagenes/products/21000/00144/303/2100000144303/imagenGrande1.jpg", "precio_peso": "", "precio": "1,77 \u20ac", "oferta": "", "supermercado": "Carrefour"},
{"query": "Calabac\u00edn ", "nombre": "Crema de calabacin y albahaca ecologica Carrefour Bio 1Crema de calabacin y albahaca ecologica Carrefour Bio 1 l.", "imagen_src": "https://static.carrefour.es/hd_350x_/img_pim_food/167893_00_1.jpg", "precio_peso": "1,99 \u20ac/l", "precio": "1,99 \u20ac", "oferta": "", "supermercado": "Carrefour"},
{"query": "Calabac\u00edn ", "nombre": "", "imagen_src": "https://static.carrefour.es/hd_350x_/img_pim_food/649556_00_1.jpg", "precio_peso": "", "precio": "", "oferta": "", "supermercado": "Carrefour"},
{"query": "Calabac\u00edn ", "nombre": "", "imagen_src": "https://static.carrefour.es/hd_350x_/img_pim_food/177736_00_1.jpg", "precio_peso": "", "precio": "", "oferta": "", "supermercado": "Carrefour"},
],
[
{"query": "Calabaza ", "nombre": "Calabaza cortada 500 g", "imagen_src": "https://static.carrefour.es/hd_350x_/img_pim_food/053774_00_1.jpg", "precio_peso": "3,50 \u20ac/kg", "precio": "1,75 \u20ac", "oferta": "", "supermercado": "Carrefour"},
{"query": "Calabaza ", "nombre": "Calabaza troceada ecologica Carrefour Bio 400 g", "imagen_src": "https://static.carrefour.es/hd_350x_/img_pim_food/082121_00_1.jpg", "precio_peso": "4,97 \u20ac/kg", "precio": "1,99 \u20ac", "oferta": "", "supermercado": "Carrefour"},
{"query": "Calabaza ", "nombre": "Crema de calabaza Carrefour sin gluten 500 ml.", "imagen_src": "https://static.carrefour.es/hd_350x_/img_pim_food/337397_00_1.jpg", "precio_peso": "1,90 \u20ac/l", "precio": "0,95 \u20ac", "oferta": "", "supermercado": "Carrefour"},
{"query": "Calabaza ", "nombre": "Crema de calabaza con un suave toque de nata Knorr 500 ml.", "imagen_src": "https://static.carrefour.es/hd_350x_/img_pim_food/350135_00_1.jpg", "precio_peso": "4,10 \u20ac/l", "precio": "2,05 \u20ac", "oferta": "", "supermercado": "Carrefour"},
{"query": "Calabaza ", "nombre": "", "imagen_src": "https://static.carrefour.es/hd_350x_/img_pim_food/168094_00_1.jpg", "precio_peso": "", "precio": "", "oferta": "", "supermercado": "Carrefour"},
{"query": "Calabaza ", "nombre": "", "imagen_src": "https://static.carrefour.es/hd_350x_/img_pim_food/464423_00_1.jpg", "precio_peso": "", "precio": "", "oferta": "", "supermercado": "Carrefour"},
],
[
],
[
],
[
{"query": "Pimiento rojo", "nombre": "Pimiento rojo ecologico Carrefour Bio 400 g", "imagen_src": "https://static.carrefour.es/hd_350x_/img_pim_food/045220_00_1.jpg", "precio_peso": "4,95 \u20ac/kg", "precio": "1,98 \u20ac", "oferta": "", "supermercado": "Carrefour"},
{"query": "Pimiento rojo", "nombre": "Pimiento Rojo Eco - Pack De 6 Ud.", "imagen_src": "https://static.carrefour.es/hd_350x_/imagenes/products/84292/82207/501/8429282207501/imagenGrande1.jpg", "precio_peso": "", "precio": "6,50 \u20ac", "oferta": "", "supermercado": "Carrefour"},
{"query": "Pimiento rojo", "nombre": "Pimientos rojos enteros y pelados Carrefour pack de 3 unidades de 60 g.", "imagen_src": "https://static.carrefour.es/hd_350x_/img_pim_food/231812_00_1.jpg", "precio_peso": "6,89 \u20ac/kg", "precio": "1,24 \u20ac", "oferta": "", "supermercado": "Carrefour"},
{"query": "Pimiento rojo", "nombre": "Semillas De Pimiento Guindilla De Cayenne Rojo", "imagen_src": "https://static.carrefour.es/hd_350x_/imagenes/products/84149/34210/411/8414934210411/imagenGrande1.jpg", "precio_peso": "", "precio": "1,75 \u20ac", "oferta": "", "supermercado": "Carrefour"},
{"query": "Pimiento rojo", "nombre": "", "imagen_src": "https://static.carrefour.es/hd_350x_/img_pim_food/413615_00_1.jpg", "precio_peso": "", "precio": "2,99 \u20ac", "oferta": "", "supermercado": "Carrefour"},
{"query": "Pimiento rojo", "nombre": "", "imagen_src": "https://static.carrefour.es/hd_350x_/imagenes/products/80025/25860/444/8002525860444/imagenGrande1.jpg", "precio_peso": "", "precio": "13,68 \u20ac", "oferta": "", "supermercado": "Carrefour"},
],
[
{"query": "Aceituna sin hueso", "nombre": "Aceitunas verdes manzanilla sin hueso Carrefour 400 g.", "imagen_src": "https://static.carrefour.es/hd_350x_/img_pim_food/488058_00_1.jpg", "precio_peso": "4,57 \u20ac/kg", "precio": "1,83 \u20ac", "oferta": "", "supermercado": "Carrefour"},
{"query": "Aceituna sin hueso", "nombre": "Aceitunas manzanilla sin hueso Carrefour pack de 3 unidades de 75 g.", "imagen_src": "https://static.carrefour.es/hd_350x_/img_pim_food/488053_00_1.jpg", "precio_peso": "6,44 \u20ac/kg", "precio": "1,45 \u20ac", "oferta": "", "supermercado": "Carrefour"},
{"query": "Aceituna sin hueso", "nombre": "Aceitunas verdes manzanilla sin hueso Jolca pack de 3 bolsas de 50 g.", "imagen_src": "https://static.carrefour.es/hd_350x_/img_pim_food/874955_00_1.jpg", "precio_peso": "11 \u20ac/kg", "precio": "1,65 \u20ac", "oferta": "", "supermercado": "Carrefour"},
{"query": "Aceituna sin hueso", "nombre": "Aceitunas negras Cacerenas sin hueso Carrefour 150 g.", "imagen_src": "https://static.carrefour.es/hd_350x_/img_pim_food/488032_00_1.jpg", "precio_peso": "6 \u20ac/kg", "precio": "0,90 \u20ac", "oferta": "", "supermercado": "Carrefour"},
{"query": "Aceituna sin hueso", "nombre": "", "imagen_src": "https://static.carrefour.es/hd_350x_/img_pim_food/488073_00_1.jpg", "precio_peso": "", "precio": "2,79 \u20ac", "oferta": "", "supermercado": "Carrefour"},
{"query": "Aceituna sin hueso", "nombre": "", "imagen_src": "https://static.carrefour.es/hd_350x_/img_pim_food/488259_00_1.jpg", "precio_peso": "", "precio": "1,16 \u20ac", "oferta": "", "supermercado": "Carrefour"},
],
[
{"query": "Aceite de oliva", "nombre": "Aceite de oliva suave 0,4o Carrefour 1 l.", "imagen_src": "https://static.carrefour.es/hd_350x_/img_pim_food/128215_00_1.jpg", "precio_peso": "3,89 \u20ac/l", "precio": "3,89 \u20ac", "oferta": "", "supermercado": "Carrefour"},
{"query": "Aceite de oliva", "nombre": "Aceite de oliva suave 0,4o La Masia garrafa 5 l.", "imagen_src": "https://static.carrefour.es/hd_350x_/img_pim_food/043143_00_1.jpg", "precio_peso": "3,79 \u20ac/l", "precio": "18,95 \u20ac", "oferta": "", "supermercado": "Carrefour"},
{"query": "Aceite de oliva", "nombre": "Aceite de oliva virgen Carbonell 1 l.", "imagen_src": "https://static.carrefour.es/hd_350x_/img_pim_food/659365_00_1.jpg", "precio_peso": "6,29 \u20ac/l", "precio": "6,29 \u20ac", "oferta": "", "supermercado": "Carrefour"},
{"query": "Aceite de oliva", "nombre": "Aceite de oliva intenso 1o La Masia garrafa 5 l.", "imagen_src": "https://static.carrefour.es/hd_350x_/img_pim_food/036841_00_1.jpg", "precio_peso": "3,79 \u20ac/l", "precio": "18,95 \u20ac", "oferta": "", "supermercado": "Carrefour"},
{"query": "Aceite de oliva", "nombre": "", "imagen_src": "https://static.carrefour.es/hd_350x_/img_pim_food/128222_00_1.jpg", "precio_peso": "", "precio": "", "oferta": "", "supermercado": "Carrefour"},
{"query": "Aceite de oliva", "nombre": "", "imagen_src": "https://static.carrefour.es/hd_350x_/img_pim_food/471213_00_1.jpg", "precio_peso": "", "precio": "", "oferta": "", "supermercado": "Carrefour"},
],
[
{"query": "Aceite de girasol ", "nombre": "Aceite de girasol Carrefour Classic' 1 l.", "imagen_src": "https://static.carrefour.es/hd_350x_/img_pim_food/277385_00_1.jpg", "precio_peso": "2,54 \u20ac/l", "precio": "2,54 \u20ac", "oferta": "", "supermercado": "Carrefour"},
{"query": "Aceite de girasol ", "nombre": "Aceite de girasol Coosol 1 l.", "imagen_src": "https://static.carrefour.es/hd_350x_/img_pim_food/000018_00_1.jpg", "precio_peso": "3,59 \u20ac/l", "precio": "3,59 \u20ac", "oferta": "", "supermercado": "Carrefour"},
{"query": "Aceite de girasol ", "nombre": "Aceite de girasol para freir Carrefour garrafa 5 l.", "imagen_src": "https://static.carrefour.es/hd_350x_/img_pim_food/277575_00_1.jpg", "precio_peso": "2,49 \u20ac/l", "precio": "12,45 \u20ac", "oferta": "", "supermercado": "Carrefour"},
{"query": "Aceite de girasol ", "nombre": "Aceite de girasol Koipesol 1 l.", "imagen_src": "https://static.carrefour.es/hd_350x_/img_pim_food/000020_00_1.jpg", "precio_peso": "3,75 \u20ac/l", "precio": "3,75 \u20ac", "oferta": "", "supermercado": "Carrefour"},
{"query": "Aceite de girasol ", "nombre": "", "imagen_src": "https://static.carrefour.es/hd_350x_/img_pim_food/373143_00_1.jpg", "precio_peso": "", "precio": "", "oferta": "", "supermercado": "Carrefour"},
{"query": "Aceite de girasol ", "nombre": "", "imagen_src": "https://static.carrefour.es/hd_350x_/img_pim_food/827717_00_1.jpg", "precio_peso": "", "precio": "", "oferta": "", "supermercado": "Carrefour"},
],
[
{"query": "Aceite de ma\u00edz ", "nombre": "Aceite de maiz Koipesol 1 l.", "imagen_src": "https://static.carrefour.es/hd_350x_/img_pim_food/000412_00_1.jpg", "precio_peso": "3,85 \u20ac/l", "precio": "3,85 \u20ac", "oferta": "", "supermercado": "Carrefour"},
{"query": "Aceite de ma\u00edz ", "nombre": "Tortillas de trigo y maiz Carrefour Sensation sin aceite de palma 10 ud.", "imagen_src": "https://static.carrefour.es/hd_350x_/img_pim_food/696552_00_1.jpg", "precio_peso": "4,52 \u20ac/kg", "precio": "1,81 \u20ac", "oferta": "", "supermercado": "Carrefour"},
{"query": "Aceite de ma\u00edz ", "nombre": "Tortitas de maiz con tomate y aceite de oliva Bicentury 124 g.", "imagen_src": "https://static.carrefour.es/hd_350x_/img_pim_food/763746_00_1.jpg", "precio_peso": "12,98 \u20ac/kg", "precio": "1,61 \u20ac", "oferta": "", "supermercado": "Carrefour"},
{"query": "Aceite de ma\u00edz ", "nombre": "Aperitivo de maiz Grefutubo Grefusa sin gluten y sin aceite de palma 95 g.", "imagen_src": "https://static.carrefour.es/hd_350x_/img_pim_food/776806_00_1.jpg", "precio_peso": "11,16 \u20ac/kg", "precio": "1,06 \u20ac", "oferta": "", "supermercado": "Carrefour"},
{"query": "Aceite de ma\u00edz ", "nombre": "", "imagen_src": "https://static.carrefour.es/hd_350x_/imagenes/products/84370/18530/007/8437018530007/imagenGrande1.jpg", "precio_peso": "", "precio": "", "oferta": "", "supermercado": "Carrefour"},
{"query": "Aceite de ma\u00edz ", "nombre": "", "imagen_src": "https://static.carrefour.es/hd_350x_/imagenes/products/59082/56834/118/5908256834118/imagenGrande1.jpg", "precio_peso": "", "precio": "", "oferta": "", "supermercado": "Carrefour"},
],
[
{"query": "Tomate triturado", "nombre": "Tomate triturado Carrefour lata de 390 g.", "imagen_src": "https://static.carrefour.es/hd_350x_/img_pim_food/245631_00_1.jpg", "precio_peso": "1,26 \u20ac/kg", "precio": "0,49 \u20ac", "oferta": "", "supermercado": "Carrefour"},
{"query": "Tomate triturado", "nombre": "Tomate triturado Carrefour 780 g.", "imagen_src": "https://static.carrefour.es/hd_350x_/img_pim_food/888527_00_1.jpg", "precio_peso": "0,92 \u20ac/kg", "precio": "0,72 \u20ac", "oferta": "", "supermercado": "Carrefour"},
{"query": "Tomate triturado", "nombre": "Tomate triturado Apis sin gluten 920 g.", "imagen_src": "https://static.carrefour.es/hd_350x_/img_pim_food/432454_00_1.jpg", "precio_peso": "1,93 \u20ac/kg", "precio": "1,78 \u20ac", "oferta": "", "supermercado": "Carrefour"},
{"query": "Tomate triturado", "nombre": "Tomate triturado Apis sin gluten 480 g.", "imagen_src": "https://static.carrefour.es/hd_350x_/img_pim_food/432453_00_1.jpg", "precio_peso": "2,35 \u20ac/kg", "precio": "1,13 \u20ac", "oferta": "", "supermercado": "Carrefour"},
{"query": "Tomate triturado", "nombre": "", "imagen_src": "https://static.carrefour.es/hd_350x_/img_pim_food/418350_00_1.jpg", "precio_peso": "", "precio": "", "oferta": "", "supermercado": "Carrefour"},
{"query": "Tomate triturado", "nombre": "", "imagen_src": "https://static.carrefour.es/hd_350x_/img_pim_food/039210_00_1.jpg", "precio_peso": "", "precio": "", "oferta": "", "supermercado": "Carrefour"},
],
[
{"query": "Tomate frito", "nombre": "", "imagen_src": "https://static.carrefour.es/hd_350x_/img_pim_food/775313_00_1.jpg", "precio_peso": "0,83 \u20ac/kg", "precio": "0,97 \u20ac", "oferta": "", "supermercado": "Carrefour"},
{"query": "Tomate frito", "nombre": "Tomate frito Carrefour pack de 3 briks de 215 g.", "imagen_src": "https://static.carrefour.es/hd_350x_/img_pim_food/775309_00_1.jpg", "precio_peso": "1,38 \u20ac/kg", "precio": "0,89 \u20ac", "oferta": "", "supermercado": "Carrefour"},
{"query": "Tomate frito", "nombre": "Tomate frito con aceite de oliva virgen extra Orlando pack de 3 briks de 350 g.", "imagen_src": "https://static.carrefour.es/hd_350x_/img_pim_food/249948_00_1.jpg", "precio_peso": "2,85 \u20ac/kg", "precio": "2,99 \u20ac", "oferta": "", "supermercado": "Carrefour"},
{"query": "Tomate frito", "nombre": "Tomate frito Carrefour tarro 550 g.", "imagen_src": "https://static.carrefour.es/hd_350x_/img_pim_food/365663_00_1.jpg", "precio_peso": "1,47 \u20ac/kg", "precio": "0,81 \u20ac", "oferta": "", "supermercado": "Carrefour"},
{"query": "Tomate frito", "nombre": "", "imagen_src": "https://static.carrefour.es/hd_350x_/img_pim_food/854875_00_1.jpg", "precio_peso": "", "precio": "", "oferta": "", "supermercado": "Carrefour"},
{"query": "Tomate frito", "nombre": "", "imagen_src": "https://static.carrefour.es/hd_350x_/img_pim_food/854879_00_1.jpg", "precio_peso": "", "precio": "", "oferta": "", "supermercado": "Carrefour"},
],
[
{"query": "Salsa bolo\u00f1esa", "nombre": "Salsa bolonesa Barilla sin gluten tarro 400 g.", "imagen_src": "https://static.carrefour.es/hd_350x_/img_pim_food/891616_00_1.jpg", "precio_peso": "9,22 \u20ac/kg", "precio": "3,69 \u20ac", "oferta": "", "supermercado": "Carrefour"},
{"query": "Salsa bolo\u00f1esa", "nombre": "Salsa super bolonesa Gallo sin gluten 350 g.", "imagen_src": "https://static.carrefour.es/hd_350x_/img_pim_food/638402_00_1.jpg", "precio_peso": "6,83 \u20ac/kg", "precio": "2,39 \u20ac", "oferta": "", "supermercado": "Carrefour"},
{"query": "Salsa bolo\u00f1esa", "nombre": "Salsa Bolonesa Hida tarro 350 g.", "imagen_src": "https://static.carrefour.es/hd_350x_/img_pim_food/120588_00_1.jpg", "precio_peso": "5,97 \u20ac/kg", "precio": "2,09 \u20ac", "oferta": "", "supermercado": "Carrefour"},
{"query": "Salsa bolo\u00f1esa", "nombre": "Salsa ragu a la bolonesa Rummo 340 g.", "imagen_src": "https://static.carrefour.es/hd_350x_/img_pim_food/687070_00_1.jpg", "precio_peso": "13,50 \u20ac/kg", "precio": "4,59 \u20ac", "oferta": "", "supermercado": "Carrefour"},
{"query": "Salsa bolo\u00f1esa", "nombre": "", "imagen_src": "https://static.carrefour.es/hd_350x_/img_pim_food/061105_00_1.jpg", "precio_peso": "", "precio": "", "oferta": "", "supermercado": "Carrefour"},
],
[
{"query": "Salsa barbacoa", "nombre": "Salsa barbacoa Carrefour envase 400 g.", "imagen_src": "https://static.carrefour.es/hd_350x_/img_pim_food/389941_00_1.jpg", "precio_peso": "3,50 \u20ac/kg", "precio": "1,40 \u20ac", "oferta": "", "supermercado": "Carrefour"},
{"query": "Salsa barbacoa", "nombre": "Salsa barbacoa Hellmann's envase 250 ml.", "imagen_src": "https://static.carrefour.es/hd_350x_/img_pim_food/118221_00_1.jpg", "precio_peso": "6,81 \u20ac/kg", "precio": "1,94 \u20ac", "oferta": "", "supermercado": "Carrefour"},
{"query": "Salsa barbacoa", "nombre": "Salsa barbacoa Prima sin gluten envase 570 g.", "imagen_src": "https://static.carrefour.es/hd_350x_/img_pim_food/303995_00_1.jpg", "precio_peso": "6,47 \u20ac/kg", "precio": "3,69 \u20ac", "oferta": "", "supermercado": "Carrefour"},
{"query": "Salsa barbacoa", "nombre": "Salsa barbacoa sabor miel Prima sin gluten 440 g.", "imagen_src": "https://static.carrefour.es/hd_350x_/img_pim_food/160974_00_1.jpg", "precio_peso": "8,39 \u20ac/kg", "precio": "3,69 \u20ac", "oferta": "", "supermercado": "Carrefour"},
{"query": "Salsa barbacoa", "nombre": "", "imagen_src": "https://static.carrefour.es/hd_350x_/img_pim_food/985910_00_1.jpg", "precio_peso": "", "precio": "", "oferta": "", "supermercado": "Carrefour"},
{"query": "Salsa barbacoa", "nombre": "", "imagen_src": "https://static.carrefour.es/hd_350x_/img_pim_food/927492_00_1.jpg", "precio_peso": "", "precio": "", "oferta": "", "supermercado": "Carrefour"},
],
[
{"query": "Salsa carbonara", "nombre": "Salsa carbonara Classic Carrefour sin gluten 300 g.", "imagen_src": "https://static.carrefour.es/hd_350x_/img_pim_food/238074_00_1.jpg", "precio_peso": "3,53 \u20ac/kg", "precio": "1,06 \u20ac", "oferta": "", "supermercado": "Carrefour"},
{"query": "Salsa carbonara", "nombre": "Salsa carbonara Carrefour sobre 40 g.", "imagen_src": "https://static.carrefour.es/hd_350x_/img_pim_food/430313_00_1.jpg", "precio_peso": "28,50 \u20ac/kg", "precio": "1,14 \u20ac", "oferta": "", "supermercado": "Carrefour"},
{"query": "Salsa carbonara", "nombre": "Pasta con salsa carbonara Knorr 62 g.", "imagen_src": "https://static.carrefour.es/hd_350x_/img_pim_food/946173_00_1.jpg", "precio_peso": "30,32 \u20ac/kg", "precio": "1,88 \u20ac", "oferta": "", "supermercado": "Carrefour"},
{"query": "Salsa carbonara", "nombre": "Pizza carbonara Pizza & Salsa Campofrio 360 g.", "imagen_src": "https://static.carrefour.es/hd_350x_/img_pim_food/032229_00_1.jpg", "precio_peso": "7,92 \u20ac/kg", "precio": "2,85 \u20ac", "oferta": "", "supermercado": "Carrefour"},
],
[
{"query": "Nata montada", "nombre": "Nata montada azucarada Carrefour spray 250 ml.", "imagen_src": "https://static.carrefour.es/hd_350x_/img_pim_food/231422_00_1.jpg", "precio_peso": "4,80 \u20ac/l", "precio": "1,20 \u20ac", "oferta": "", "supermercado": "Carrefour"},
{"query": "Nata montada", "nombre": "Nata montada azucarada ligera Carrefour spray 250 g.", "imagen_src": "https://static.carrefour.es/hd_350x_/img_pim_food/881965_00_1.jpg", "precio_peso": "4,96 \u20ac/kg", "precio": "1,24 \u20ac", "oferta": "", "supermercado": "Carrefour"},
{"query": "Nata montada", "nombre": "Nata montada Puleva spray 250 g.", "imagen_src": "https://static.carrefour.es/hd_350x_/img_pim_food/056377_00_1.jpg", "precio_peso": "9 \u20ac/l", "precio": "2,25 \u20ac", "oferta": "", "supermercado": "Carrefour"},
{"query": "Nata montada", "nombre": "Nata montada azucarada Central Lechera Asturiana spray 250 ml.", "imagen_src": "https://static.carrefour.es/hd_350x_/img_pim_food/047793_00_1.jpg", "precio_peso": "9,96 \u20ac/l", "precio": "2,49 \u20ac", "oferta": "", "supermercado": "Carrefour"},
{"query": "Nata montada", "nombre": "", "imagen_src": "https://static.carrefour.es/hd_350x_/img_pim_food/632245_00_1.jpg", "precio_peso": "", "precio": "1,55 \u20ac", "oferta": "", "supermercado": "Carrefour"},
{"query": "Nata montada", "nombre": "", "imagen_src": "https://static.carrefour.es/hd_350x_/img_pim_food/213113_00_1.jpg", "precio_peso": "", "precio": "2,49 \u20ac", "oferta": "", "supermercado": "Carrefour"},
],
[
{"query": "Mantequilla", "nombre": "Mantequilla Bocage 250 g.", "imagen_src": "https://static.carrefour.es/hd_350x_/img_pim_food/466974_00_1.jpg", "precio_peso": "6,16 \u20ac/kg", "precio": "1,54 \u20ac", "oferta": "", "supermercado": "Carrefour"},
{"query": "Mantequilla", "nombre": "Mantequilla pastilla sin sal Carrefour 250 g.", "imagen_src": "https://static.carrefour.es/hd_350x_/img_pim_food/337329_00_1.jpg", "precio_peso": "8,20 \u20ac/kg", "precio": "2,05 \u20ac", "oferta": "", "supermercado": "Carrefour"},
{"query": "Mantequilla", "nombre": "Mantequilla Carrefour 250 g.", "imagen_src": "https://static.carrefour.es/hd_350x_/img_pim_food/337333_00_1.jpg", "precio_peso": "9,16 \u20ac/kg", "precio": "2,29 \u20ac", "oferta": "", "supermercado": "Carrefour"},
{"query": "Mantequilla", "nombre": "Mantequilla con sal Carrefour 250 g.", "imagen_src": "https://static.carrefour.es/hd_350x_/img_pim_food/337335_00_1.jpg", "precio_peso": "8,20 \u20ac/kg", "precio": "2,05 \u20ac", "oferta": "", "supermercado": "Carrefour"},
{"query": "Mantequilla", "nombre": "", "imagen_src": "https://static.carrefour.es/hd_350x_/img_pim_food/649571_00_1.jpg", "precio_peso": "", "precio": "", "oferta": "", "supermercado": "Carrefour"},
{"query": "Mantequilla", "nombre": "", "imagen_src": "https://static.carrefour.es/hd_350x_/img_pim_food/003274_00_1.jpg", "precio_peso": "", "precio": "", "oferta": "", "supermercado": "Carrefour"},
],
[
{"query": "Miel", "nombre": "Miel de flores Carrefour 1 kg.", "imagen_src": "https://static.carrefour.es/hd_350x_/img_pim_food/230323_00_1.jpg", "precio_peso": "4,60 \u20ac/kg", "precio": "4,60 \u20ac", "oferta": "", "supermercado": "Carrefour"},
{"query": "Miel", "nombre": "Miel de flores antigoteo Carrefour 500 g.", "imagen_src": "https://static.carrefour.es/hd_350x_/img_pim_food/632345_00_1.jpg", "precio_peso": "6,98 \u20ac/kg", "precio": "3,49 \u20ac", "oferta": "", "supermercado": "Carrefour"},
{"query": "Miel", "nombre": "Miel de flores antigoteo origen Espana Original Carrefour 500 g.", "imagen_src": "https://static.carrefour.es/hd_350x_/img_pim_food/288101_00_1.jpg", "precio_peso": "7,78 \u20ac/kg", "precio": "3,89 \u20ac", "oferta": "", "supermercado": "Carrefour"},
{"query": "Miel", "nombre": "Miel de flores ecologica Luna de Miel 250 g.", "imagen_src": "https://static.carrefour.es/hd_350x_/img_pim_food/163056_00_1.jpg", "precio_peso": "15 \u20ac/kg", "precio": "3,75 \u20ac", "oferta": "", "supermercado": "Carrefour"},
{"query": "Miel", "nombre": "", "imagen_src": "https://static.carrefour.es/hd_350x_/img_pim_food/287613_00_1.jpg", "precio_peso": "", "precio": "", "oferta": "", "supermercado": "Carrefour"},
{"query": "Miel", "nombre": "", "imagen_src": "https://static.carrefour.es/hd_350x_/img_pim_food/990268_00_1.jpg", "precio_peso": "", "precio": "", "oferta": "", "supermercado": "Carrefour"},
],
[
{"query": "Mayonesa", "nombre": "", "imagen_src": "https://static.carrefour.es/hd_350x_/img_pim_food/122380_00_1.jpg", "precio_peso": "3,49 \u20ac/kg", "precio": "1,57 \u20ac", "oferta": "", "supermercado": "Carrefour"},
{"query": "Mayonesa", "nombre": "Mayonesa Ligeresa pack de 3 unidades de 210 ml.", "imagen_src": "https://static.carrefour.es/hd_350x_/img_pim_food/913024_00_1.jpg", "precio_peso": "3,16 \u20ac/l", "precio": "1,99 \u20ac", "oferta": "", "supermercado": "Carrefour"},
{"query": "Mayonesa", "nombre": "Mayonesa Carrefour envase 500 ml.", "imagen_src": "https://static.carrefour.es/hd_350x_/img_pim_food/013524_00_1.jpg", "precio_peso": "3,54 \u20ac/kg", "precio": "1,77 \u20ac", "oferta": "", "supermercado": "Carrefour"},
{"query": "Mayonesa", "nombre": "Mayonesa Ligeresa sin lactosa tarro 650 ml.", "imagen_src": "https://static.carrefour.es/hd_350x_/img_pim_food/597825_00_1.jpg", "precio_peso": "4,37 \u20ac/kg", "precio": "2,84 \u20ac", "oferta": "", "supermercado": "Carrefour"},
{"query": "Mayonesa", "nombre": "", "imagen_src": "https://static.carrefour.es/hd_350x_/img_pim_food/714085_00_1.jpg", "precio_peso": "", "precio": "", "oferta": "", "supermercado": "Carrefour"},
{"query": "Mayonesa", "nombre": "", "imagen_src": "https://static.carrefour.es/hd_350x_/img_pim_food/107782_00_1.jpg", "precio_peso": "", "precio": "", "oferta": "", "supermercado": "Carrefour"},
],
[
{"query": "Pat\u00e9 de campa\u00f1a", "nombre": "Pate tradicion campana 110 g", "imagen_src": "https://static.carrefour.es/hd_350x_/img_pim_food/363190_00_1.jpg", "precio_peso": "15 \u20ac/kg", "precio": "1,65 \u20ac", "oferta": "", "supermercado": "Carrefour"},
],
[
{"query": "Az\u00facar", "nombre": "Azucar blanco Azucarera 1 kg.", "imagen_src": "https://static.carrefour.es/hd_350x_/img_pim_food/029065_00_1.jpg", "precio_peso": "0,89 \u20ac/kg", "precio": "0,89 \u20ac", "oferta": "", "supermercado": "Carrefour"},
{"query": "Az\u00facar", "nombre": "Azucar blanco Carrefour 1 kg.", "imagen_src": "https://static.carrefour.es/hd_350x_/img_pim_food/463155_00_1.jpg", "precio_peso": "0,77 \u20ac/kg", "precio": "0,77 \u20ac", "oferta": "", "supermercado": "Carrefour"},
{"query": "Az\u00facar", "nombre": "Azucar moreno de cana integral Azucarera 800 g.", "imagen_src": "https://static.carrefour.es/hd_350x_/img_pim_food/652272_00_1.jpg", "precio_peso": "2,19 \u20ac/kg", "precio": "1,75 \u20ac", "oferta": "", "supermercado": "Carrefour"},
{"query": "Az\u00facar", "nombre": "Azucar blanco en azucaritos Azucarera 300 g.", "imagen_src": "https://static.carrefour.es/hd_350x_/img_pim_food/902989_00_1.jpg", "precio_peso": "3,87 \u20ac/kg", "precio": "1,16 \u20ac", "oferta": "", "supermercado": "Carrefour"},
{"query": "Az\u00facar", "nombre": "", "imagen_src": "https://static.carrefour.es/hd_350x_/img_pim_food/902997_00_1.jpg", "precio_peso": "", "precio": "", "oferta": "", "supermercado": "Carrefour"},
{"query": "Az\u00facar", "nombre": "", "imagen_src": "https://static.carrefour.es/hd_350x_/img_pim_food/276226_00_1.jpg", "precio_peso": "", "precio": "", "oferta": "", "supermercado": "Carrefour"},
],
[
{"query": "Azucar moreno", "nombre": "Azucar moreno de cana integral Azucarera 800 g.", "imagen_src": "https://static.carrefour.es/hd_350x_/img_pim_food/652272_00_1.jpg", "precio_peso": "2,19 \u20ac/kg", "precio": "1,75 \u20ac", "oferta": "", "supermercado": "Carrefour"},
{"query": "Azucar moreno", "nombre": "Azucar moreno de cana integral en azucaritos Azucarera 300 g.", "imagen_src": "https://static.carrefour.es/hd_350x_/img_pim_food/902997_00_1.jpg", "precio_peso": "3,67 \u20ac/kg", "precio": "1,10 \u20ac", "oferta": "", "supermercado": "Carrefour"},
{"query": "Azucar moreno", "nombre": "Azucar moreno de cana integral Sidul 1 kg.", "imagen_src": "https://static.carrefour.es/hd_350x_/img_pim_food/296986_00_1.jpg", "precio_peso": "2,09 \u20ac/kg", "precio": "2,09 \u20ac", "oferta": "", "supermercado": "Carrefour"},
{"query": "Azucar moreno", "nombre": "Azucar moreno de cana integral en terrones Azucarera 1 kg.", "imagen_src": "https://static.carrefour.es/hd_350x_/img_pim_food/276226_00_1.jpg", "precio_peso": "2,29 \u20ac/kg", "precio": "2,29 \u20ac", "oferta": "", "supermercado": "Carrefour"},
{"query": "Azucar moreno", "nombre": "", "imagen_src": "https://static.carrefour.es/hd_350x_/img_pim_food/184390_00_1.jpg", "precio_peso": "", "precio": "", "oferta": "", "supermercado": "Carrefour"},
{"query": "Azucar moreno", "nombre": "", "imagen_src": "https://static.carrefour.es/hd_350x_/img_pim_food/067162_00_1.jpg", "precio_peso": "", "precio": "", "oferta": "", "supermercado": "Carrefour"},
],
[
{"query": "Caldo de Pollo", "nombre": "Caldo de pollo Carrefour sin gluten brik 1 l.", "imagen_src": "https://static.carrefour.es/hd_350x_/img_pim_food/691775_00_1.jpg", "precio_peso": "0,75 \u20ac/l", "precio": "0,75 \u20ac", "oferta": "", "supermercado": "Carrefour"},
{"query": "Caldo de Pollo", "nombre": "Caldo casero de pollo Gallina Blanca sin gluten pack de 2 briks de 1 l.", "imagen_src": "https://static.carrefour.es/hd_350x_/img_pim_food/065288_00_1.jpg", "precio_peso": "1,89 \u20ac/l", "precio": "3,78 \u20ac", "oferta": "", "supermercado": "Carrefour"},
{"query": "Caldo de Pollo", "nombre": "Caldo de pollo Carrefour sin gluten pack de 4 briks de 1 l.", "imagen_src": "https://static.carrefour.es/hd_350x_/img_pim_food/848799_00_1.jpg", "precio_peso": "0,71 \u20ac/l", "precio": "2,85 \u20ac", "oferta": "", "supermercado": "Carrefour"},
{"query": "Caldo de Pollo", "nombre": "Caldo de pollo Carrefour 15 pastillas", "imagen_src": "https://static.carrefour.es/hd_350x_/img_pim_food/476734_00_1.jpg", "precio_peso": "6,13 \u20ac/kg", "precio": "0,92 \u20ac", "oferta": "", "supermercado": "Carrefour"},
{"query": "Caldo de Pollo", "nombre": "", "imagen_src": "https://static.carrefour.es/hd_350x_/img_pim_food/312157_00_1.jpg", "precio_peso": "", "precio": "", "oferta": "", "supermercado": "Carrefour"},
{"query": "Caldo de Pollo", "nombre": "", "imagen_src": "https://static.carrefour.es/hd_350x_/img_pim_food/664036_00_1.jpg", "precio_peso": "", "precio": "", "oferta": "", "supermercado": "Carrefour"},
],
[
{"query": "Tortelini de carne", "nombre": "Tortellini de carne al huevo Gallo 500 g.", "imagen_src": "https://static.carrefour.es/hd_350x_/img_pim_food/166340_00_1.jpg", "precio_peso": "5,18 \u20ac/kg", "precio": "2,59 \u20ac", "oferta": "", "supermercado": "Carrefour"},
],
[
{"query": "Tortelini 4 quesos", "nombre": "Tortellini de 4 quesos Rana 250 g.", "imagen_src": "https://static.carrefour.es/hd_350x_/img_pim_food/875612_00_1.jpg", "precio_peso": "12,76 \u20ac/kg", "precio": "3,19 \u20ac", "oferta": "", "supermercado": "Carrefour"},
],
[
{"query": "Canelones de carne", "nombre": "Canelones de carne, setas y boletus Carrefour 350 g", "imagen_src": "https://static.carrefour.es/hd_350x_/img_pim_food/554201_00_1.jpg", "precio_peso": "9,43 \u20ac/kg", "precio": "3,30 \u20ac", "oferta": "", "supermercado": "Carrefour"},
{"query": "Canelones de carne", "nombre": "Canelones de carne de cerdo Carrefour 500 g.", "imagen_src": "https://static.carrefour.es/hd_350x_/img_pim_food/189168_00_1.jpg", "precio_peso": "4,10 \u20ac/kg", "precio": "2,05 \u20ac", "oferta": "", "supermercado": "Carrefour"},
{"query": "Canelones de carne", "nombre": "Canelones de carne Recetas Artesanas La Cocinera 600 g.", "imagen_src": "https://static.carrefour.es/hd_350x_/img_pim_food/736012_00_1.jpg", "precio_peso": "9,32 \u20ac/kg", "precio": "5,59 \u20ac", "oferta": "", "supermercado": "Carrefour"},
{"query": "Canelones de carne", "nombre": "Canelones de carne Price 300 g.", "imagen_src": "https://static.carrefour.es/hd_350x_/img_pim_food/203215_00_1.jpg", "precio_peso": "3,10 \u20ac/kg", "precio": "0,93 \u20ac", "oferta": "", "supermercado": "Carrefour"},
{"query": "Canelones de carne", "nombre": "", "imagen_src": "https://static.carrefour.es/hd_350x_/img_pim_food/802352_00_1.jpg", "precio_peso": "", "precio": "", "oferta": "", "supermercado": "Carrefour"},
{"query": "Canelones de carne", "nombre": "", "imagen_src": "https://static.carrefour.es/hd_350x_/img_pim_food/431253_00_1.jpg", "precio_peso": "", "precio": "", "oferta": "", "supermercado": "Carrefour"},
],
[
{"query": "Lasa\u00f1a Bolo\u00f1esa", "nombre": "Lasana bolonesa Carrefour 350 g", "imagen_src": "https://static.carrefour.es/hd_350x_/img_pim_food/274162_00_1.jpg", "precio_peso": "9,43 \u20ac/kg", "precio": "3,30 \u20ac", "oferta": "", "supermercado": "Carrefour"},
{"query": "Lasa\u00f1a Bolo\u00f1esa", "nombre": "Lasana bolonesa gratinada 700 g", "imagen_src": "https://static.carrefour.es/hd_350x_/img_pim_food/554200_00_1.jpg", "precio_peso": "7,79 \u20ac/kg", "precio": "5,45 \u20ac", "oferta": "", "supermercado": "Carrefour"},
{"query": "Lasa\u00f1a Bolo\u00f1esa", "nombre": "Lasana bolonesa Carrefour pack de 2 unidades de 500 g.", "imagen_src": "https://static.carrefour.es/hd_350x_/img_pim_food/431244_00_1.jpg", "precio_peso": "4,02 \u20ac/kg", "precio": "4,02 \u20ac", "oferta": "", "supermercado": "Carrefour"},
{"query": "Lasa\u00f1a Bolo\u00f1esa", "nombre": "Lasana bolonesa Recetas Artesanas La Cocinera 600 g.", "imagen_src": "https://static.carrefour.es/hd_350x_/img_pim_food/736024_00_1.jpg", "precio_peso": "9,32 \u20ac/kg", "precio": "5,59 \u20ac", "oferta": "", "supermercado": "Carrefour"},
{"query": "Lasa\u00f1a Bolo\u00f1esa", "nombre": "", "imagen_src": "https://static.carrefour.es/hd_350x_/img_pim_food/203133_00_1.jpg", "precio_peso": "", "precio": "", "oferta": "", "supermercado": "Carrefour"},
{"query": "Lasa\u00f1a Bolo\u00f1esa", "nombre": "", "imagen_src": "https://static.carrefour.es/hd_350x_/img_pim_food/130928_00_1.jpg", "precio_peso": "", "precio": "", "oferta": "", "supermercado": "Carrefour"},
],
[
{"query": "Paella", "nombre": "Preparado de marisco para paella Carrefour 400 g.", "imagen_src": "https://static.carrefour.es/hd_350x_/img_pim_food/189112_00_1.jpg", "precio_peso": "5,87 \u20ac/kg", "precio": "2,35 \u20ac", "oferta": "", "supermercado": "Carrefour"},
{"query": "Paella", "nombre": "Paella mixta 350 g", "imagen_src": "https://static.carrefour.es/hd_350x_/img_pim_food/412878_00_1.jpg", "precio_peso": "8,14 \u20ac/kg", "precio": "2,85 \u20ac", "oferta": "", "supermercado": "Carrefour"},
{"query": "Paella", "nombre": "Paella mixta Carrefour 1 kg", "imagen_src": "https://static.carrefour.es/hd_350x_/img_pim_food/906129_00_1.jpg", "precio_peso": "6,35 \u20ac/kg", "precio": "6,35 \u20ac", "oferta": "", "supermercado": "Carrefour"},
{"query": "Paella", "nombre": "Paella marinera Carretilla sin gluten sin aceite de palma pack 2 unidades de 250 g.", "imagen_src": "https://static.carrefour.es/hd_350x_/img_pim_food/325751_00_1.jpg", "precio_peso": "7,18 \u20ac/kg", "precio": "3,59 \u20ac", "oferta": "", "supermercado": "Carrefour"},
{"query": "Paella", "nombre": "", "imagen_src": "https://static.carrefour.es/hd_350x_/img_pim_food/002140_00_1.jpg", "precio_peso": "", "precio": "", "oferta": "", "supermercado": "Carrefour"},
{"query": "Paella", "nombre": "", "imagen_src": "https://static.carrefour.es/hd_350x_/img_pim_food/643457_00_1.jpg", "precio_peso": "", "precio": "", "oferta": "", "supermercado": "Carrefour"},
],
[
{"query": "Arroz Negro", "nombre": "Arroz negro Carrefour 350 g", "imagen_src": "https://static.carrefour.es/hd_350x_/img_pim_food/412918_00_1.jpg", "precio_peso": "8,14 \u20ac/kg", "precio": "2,85 \u20ac", "oferta": "", "supermercado": "Carrefour"},
{"query": "Arroz Negro", "nombre": "Arroz negro Findus-Salto 700 g.", "imagen_src": "https://static.carrefour.es/hd_350x_/img_pim_food/464728_00_1.jpg", "precio_peso": "7,64 \u20ac/kg", "precio": "5,35 \u20ac", "oferta": "", "supermercado": "Carrefour"},
{"query": "Arroz Negro", "nombre": "Arroz negro con calamares Carretilla sin gluten sin aceite de palma 300 g.", "imagen_src": "https://static.carrefour.es/hd_350x_/img_pim_food/903645_00_1.jpg", "precio_peso": "9,50 \u20ac/kg", "precio": "2,85 \u20ac", "oferta": "", "supermercado": "Carrefour"},
{"query": "Arroz Negro", "nombre": "Tortitas de arroz integral con chocolate negro Bicentury 130 g.", "imagen_src": "https://static.carrefour.es/hd_350x_/img_pim_food/093591_00_1.jpg", "precio_peso": "12,38 \u20ac/kg", "precio": "1,61 \u20ac", "oferta": "", "supermercado": "Carrefour"},
{"query": "Arroz Negro", "nombre": "", "imagen_src": "https://static.carrefour.es/hd_350x_/img_pim_food/776791_00_1.jpg", "precio_peso": "", "precio": "", "oferta": "", "supermercado": "Carrefour"},
{"query": "Arroz Negro", "nombre": "", "imagen_src": "https://static.carrefour.es/hd_350x_/img_pim_food/674361_00_1.jpg", "precio_peso": "", "precio": "", "oferta": "", "supermercado": "Carrefour"},
],
[
{"query": "Pizza", "nombre": "Pizza de jamon y queso Casa Tarradellas 405 g.", "imagen_src": "https://static.carrefour.es/hd_350x_/img_pim_food/051680_00_1.jpg", "precio_peso": "7,38 \u20ac/kg", "precio": "2,99 \u20ac", "oferta": "", "supermercado": "Carrefour"},
{"query": "Pizza", "nombre": "Pizza 4 quesos Carrefour 340 g.", "imagen_src": "https://static.carrefour.es/hd_350x_/img_pim_food/841129_00_1.jpg", "precio_peso": "5,47 \u20ac/kg", "precio": "1,86 \u20ac", "oferta": "", "supermercado": "Carrefour"},
{"query": "Pizza", "nombre": "Pizza de jamon y queso con salsa cheddar Pizza & Salsa Campofrio 360 g.", "imagen_src": "https://static.carrefour.es/hd_350x_/img_pim_food/610705_00_1.jpg", "precio_peso": "7,92 \u20ac/kg", "precio": "2,85 \u20ac", "oferta": "", "supermercado": "Carrefour"},
{"query": "Pizza", "nombre": "Pizza prosciutto Carrefour 330 g.", "imagen_src": "https://static.carrefour.es/hd_350x_/img_pim_food/841122_00_1.jpg", "precio_peso": "5,64 \u20ac/kg", "precio": "1,86 \u20ac", "oferta": "", "supermercado": "Carrefour"},
{"query": "Pizza", "nombre": "", "imagen_src": "https://static.carrefour.es/hd_350x_/img_pim_food/795427_00_1.jpg", "precio_peso": "", "precio": "", "oferta": "", "supermercado": "Carrefour"},
{"query": "Pizza", "nombre": "", "imagen_src": "https://static.carrefour.es/hd_350x_/img_pim_food/051245_00_1.jpg", "precio_peso": "", "precio": "", "oferta": "", "supermercado": "Carrefour"},
],
[
{"query": "Croqueta de Pollo", "nombre": "Croquetas de pollo Nicolasa 500 g.", "imagen_src": "https://static.carrefour.es/hd_350x_/img_pim_food/504983_00_1.jpg", "precio_peso": "1,98 \u20ac/kg", "precio": "0,99 \u20ac", "oferta": "", "supermercado": "Carrefour"},
{"query": "Croqueta de Pollo", "nombre": "Croquetas de pollo Carrefour Extra 500 g.", "imagen_src": "https://static.carrefour.es/hd_350x_/img_pim_food/693840_00_1.jpg", "precio_peso": "2,52 \u20ac/kg", "precio": "1,26 \u20ac", "oferta": "", "supermercado": "Carrefour"},
{"query": "Croqueta de Pollo", "nombre": "Croquetas de pollo Sabrosisimas La Cocinera 500 g.", "imagen_src": "https://static.carrefour.es/hd_350x_/img_pim_food/003406_00_1.jpg", "precio_peso": "6,90 \u20ac/kg", "precio": "3,45 \u20ac", "oferta": "", "supermercado": "Carrefour"},
{"query": "Croqueta de Pollo", "nombre": "Croquetas de estofado de pollo Recetas Artesanas La Cocinera 500 g.", "imagen_src": "https://static.carrefour.es/hd_350x_/img_pim_food/043470_00_1.jpg", "precio_peso": "9,10 \u20ac/kg", "precio": "4,55 \u20ac", "oferta": "", "supermercado": "Carrefour"},
{"query": "Croqueta de Pollo", "nombre": "", "imagen_src": "https://static.carrefour.es/hd_350x_/img_pim_food/694165_00_1.jpg", "precio_peso": "", "precio": "", "oferta": "", "supermercado": "Carrefour"},
{"query": "Croqueta de Pollo", "nombre": "", "imagen_src": "https://static.carrefour.es/hd_350x_/img_pim_food/504981_00_1.jpg", "precio_peso": "", "precio": "", "oferta": "", "supermercado": "Carrefour"},
],
[
{"query": "Croqueta de Bacalao", "nombre": "Croquetas caseras de bacalao congeladas Carrefour 400 g", "imagen_src": "https://static.carrefour.es/hd_350x_/img_pim_food/310318_00_1.jpg", "precio_peso": "8 \u20ac/kg", "precio": "3,20 \u20ac", "oferta": "", "supermercado": "Carrefour"},
{"query": "Croqueta de Bacalao", "nombre": "Croquetas de bacalao a la cazuela Recetas Artesanas La Cocinera 500 g.", "imagen_src": "https://static.carrefour.es/hd_350x_/img_pim_food/057461_00_1.jpg", "precio_peso": "9,10 \u20ac/kg", "precio": "4,55 \u20ac", "oferta": "", "supermercado": "Carrefour"},
{"query": "Croqueta de Bacalao", "nombre": "Croquetas de bacalao Sabrosisimas La Cocinera 500 g.", "imagen_src": "https://static.carrefour.es/hd_350x_/img_pim_food/003407_00_1.jpg", "precio_peso": "6,90 \u20ac/kg", "precio": "3,45 \u20ac", "oferta": "", "supermercado": "Carrefour"},
{"query": "Croqueta de Bacalao", "nombre": "Bacalao rebozado Findus 280 g.", "imagen_src": "https://static.carrefour.es/hd_350x_/img_pim_food/065865_00_1.jpg", "precio_peso": "16,04 \u20ac/kg", "precio": "4,49 \u20ac", "oferta": "", "supermercado": "Carrefour"},
{"query": "Croqueta de Bacalao", "nombre": "", "imagen_src": "https://static.carrefour.es/hd_350x_/img_pim_food/792206_00_1.jpg", "precio_peso": "", "precio": "", "oferta": "", "supermercado": "Carrefour"},
],
[
{"query": "Croqueta de Jam\u00f3n ", "nombre": "Croquetas de jamon Carrefour 500 g.", "imagen_src": "https://static.carrefour.es/hd_350x_/img_pim_food/690584_00_1.jpg", "precio_peso": "2,26 \u20ac/kg", "precio": "1,13 \u20ac", "oferta": "", "supermercado": "Carrefour"},
{"query": "Croqueta de Jam\u00f3n ", "nombre": "Croquetas de jamon iberico Carrefour Extra 350 g.", "imagen_src": "https://static.carrefour.es/hd_350x_/img_pim_food/693833_00_1.jpg", "precio_peso": "5,06 \u20ac/kg", "precio": "1,77 \u20ac", "oferta": "", "supermercado": "Carrefour"},
{"query": "Croqueta de Jam\u00f3n ", "nombre": "Croquetas de jamon iberico Recetas Artesanas La Cocinera 400 g.", "imagen_src": "https://static.carrefour.es/hd_350x_/img_pim_food/278115_00_1.jpg", "precio_peso": "11,37 \u20ac/kg", "precio": "4,55 \u20ac", "oferta": "", "supermercado": "Carrefour"},
{"query": "Croqueta de Jam\u00f3n ", "nombre": "Croquetas mini de jamon Carrefour 500 g.", "imagen_src": "https://static.carrefour.es/hd_350x_/img_pim_food/690567_00_1.jpg", "precio_peso": "2,22 \u20ac/kg", "precio": "1,11 \u20ac", "oferta": "", "supermercado": "Carrefour"},
{"query": "Croqueta de Jam\u00f3n ", "nombre": "", "imagen_src": "https://static.carrefour.es/hd_350x_/img_pim_food/003421_00_1.jpg", "precio_peso": "", "precio": "", "oferta": "", "supermercado": "Carrefour"},
{"query": "Croqueta de Jam\u00f3n ", "nombre": "", "imagen_src": "https://static.carrefour.es/hd_350x_/img_pim_food/003405_00_1.jpg", "precio_peso": "", "precio": "", "oferta": "", "supermercado": "Carrefour"},
],
[
{"query": "San Jacobo", "nombre": "San Jacobos 360 g.", "imagen_src": "https://static.carrefour.es/hd_350x_/img_pim_food/180544_00_1.jpg", "precio_peso": "2,92 \u20ac/kg", "precio": "1,05 \u20ac", "oferta": "", "supermercado": "Carrefour"},
{"query": "San Jacobo", "nombre": "San jacobos de jamon y queso Recetas Crujientes La Cocinera 388 g.", "imagen_src": "https://static.carrefour.es/hd_350x_/img_pim_food/770667_00_1.jpg", "precio_peso": "11,73 \u20ac/kg", "precio": "4,55 \u20ac", "oferta": "", "supermercado": "Carrefour"},
],
[
{"query": "Nuggets de pollo", "nombre": "Nuggets de pollo Carrefour Classic' 500 g.", "imagen_src": "https://static.carrefour.es/hd_350x_/img_pim_food/694165_00_1.jpg", "precio_peso": "5,60 \u20ac/kg", "precio": "2,80 \u20ac", "oferta": "", "supermercado": "Carrefour"},
{"query": "Nuggets de pollo", "nombre": "Nuggets de pollo Maheso sin gluten 300 g.", "imagen_src": "https://static.carrefour.es/hd_350x_/img_pim_food/498088_00_1.jpg", "precio_peso": "12,63 \u20ac/kg", "precio": "3,79 \u20ac", "oferta": "", "supermercado": "Carrefour"},
{"query": "Nuggets de pollo", "nombre": "Nugget de pollo Nicolasa 500 g.", "imagen_src": "https://static.carrefour.es/hd_350x_/img_pim_food/504981_00_1.jpg", "precio_peso": "4,38 \u20ac/kg", "precio": "2,19 \u20ac", "oferta": "", "supermercado": "Carrefour"},
],
[
{"query": "Empanadilla de at\u00fan", "nombre": "Empanadillas de atun Recetas Artesanas La Cocinera 312 g.", "imagen_src": "https://static.carrefour.es/hd_350x_/img_pim_food/584096_00_1.jpg", "precio_peso": "14,71 \u20ac/kg", "precio": "4,59 \u20ac", "oferta": "", "supermercado": "Carrefour"},
{"query": "Empanadilla de at\u00fan", "nombre": "Empanadillas de atun Carrefour 500 g.", "imagen_src": "https://static.carrefour.es/hd_350x_/img_pim_food/230966_00_1.jpg", "precio_peso": "3,50 \u20ac/kg", "precio": "1,75 \u20ac", "oferta": "", "supermercado": "Carrefour"},
{"query": "Empanadilla de at\u00fan", "nombre": "Empanadillas de atun Nicolasa 500 g.", "imagen_src": "https://static.carrefour.es/hd_350x_/img_pim_food/504980_00_1.jpg", "precio_peso": "2,96 \u20ac/kg", "precio": "1,48 \u20ac", "oferta": "", "supermercado": "Carrefour"},
{"query": "Empanadilla de at\u00fan", "nombre": "Mini empanadillas de atun Carrefour 400 g.", "imagen_src": "https://static.carrefour.es/hd_350x_/img_pim_food/234536_00_1.jpg", "precio_peso": "3,47 \u20ac/kg", "precio": "1,39 \u20ac", "oferta": "", "supermercado": "Carrefour"},
{"query": "Empanadilla de at\u00fan", "nombre": "", "imagen_src": "https://static.carrefour.es/hd_350x_/img_pim_food/121821_00_1.jpg", "precio_peso": "", "precio": "4,59 \u20ac", "oferta": "", "supermercado": "Carrefour"},
{"query": "Empanadilla de at\u00fan", "nombre": "", "imagen_src": "https://static.carrefour.es/hd_350x_/img_pim_food/406847_00_1.jpg", "precio_peso": "", "precio": "5,50 \u20ac", "oferta": "", "supermercado": "Carrefour"},
],
[
{"query": "Empanadilla de carne", "nombre": "Empanadillas de carne Recetas Artesanas La Cocinera 312 g.", "imagen_src": "https://static.carrefour.es/hd_350x_/img_pim_food/970810_00_1.jpg", "precio_peso": "14,71 \u20ac/kg", "precio": "4,59 \u20ac", "oferta": "", "supermercado": "Carrefour"},
{"query": "Empanadilla de carne", "nombre": "Empanada rectangular de carne 700 g", "imagen_src": "https://static.carrefour.es/hd_350x_/img_pim_food/406848_00_1.jpg", "precio_peso": "5,50 \u20ac/ud", "precio": "5,50 \u20ac", "oferta": "", "supermercado": "Carrefour"},
{"query": "Empanadilla de carne", "nombre": "Empanada gourmet de carne Carrefour El Mercado 1 kg", "imagen_src": "https://static.carrefour.es/hd_350x_/img_pim_food/288521_00_1.jpg", "precio_peso": "9,99 \u20ac/ud", "precio": "9,99 \u20ac", "oferta": "", "supermercado": "Carrefour"},
{"query": "Empanadilla de carne", "nombre": "Empanada de carne Pukka Pies 240 g.", "imagen_src": "https://static.carrefour.es/hd_350x_/img_pim_food/291137_00_1.jpg", "precio_peso": "15,37 \u20ac/kg", "precio": "3,69 \u20ac", "oferta": "", "supermercado": "Carrefour"},
],
[
{"query": "Masa de hojaldre", "nombre": "Masa de hojaldre Carrefour Classic' pack de 2 unidades de 230 g.", "imagen_src": "https://static.carrefour.es/hd_350x_/img_pim_food/969704_00_1.jpg", "precio_peso": "4,61 \u20ac/kg", "precio": "2,12 \u20ac", "oferta": "", "supermercado": "Carrefour"},
{"query": "Masa de hojaldre", "nombre": "Masa de hojaldre Carrefour 230 g.", "imagen_src": "https://static.carrefour.es/hd_350x_/img_pim_food/314788_00_1.jpg", "precio_peso": "5,13 \u20ac/kg", "precio": "1,18 \u20ac", "oferta": "", "supermercado": "Carrefour"},
{"query": "Masa de hojaldre", "nombre": "Masa de hojaldre estirada Carrefour 500 g.", "imagen_src": "https://static.carrefour.es/hd_350x_/img_pim_food/231298_00_1.jpg", "precio_peso": "4,10 \u20ac/kg", "precio": "2,05 \u20ac", "oferta": "", "supermercado": "Carrefour"},
{"query": "Masa de hojaldre", "nombre": "Masa fresca de hojaldre Casa Tarradellas 260 g.", "imagen_src": "https://static.carrefour.es/hd_350x_/img_pim_food/244926_00_1.jpg", "precio_peso": "6,31 \u20ac/kg", "precio": "1,64 \u20ac", "oferta": "", "supermercado": "Carrefour"},
{"query": "Masa de hojaldre", "nombre": "", "imagen_src": "https://static.carrefour.es/hd_350x_/img_pim_food/156293_00_1.jpg", "precio_peso": "", "precio": "1,73 \u20ac", "oferta": "", "supermercado": "Carrefour"},
{"query": "Masa de hojaldre", "nombre": "", "imagen_src": "https://static.carrefour.es/hd_350x_/img_pim_food/816201_00_1.jpg", "precio_peso": "", "precio": "3,79 \u20ac", "oferta": "", "supermercado": "Carrefour"},
],
[
{"query": "Masa de pizza", "nombre": "Masa pizza fina con aceite de oliva Carrefour 230 g.", "imagen_src": "https://static.carrefour.es/hd_350x_/img_pim_food/572663_00_1.jpg", "precio_peso": "4,70 \u20ac/kg", "precio": "1,08 \u20ac", "oferta": "", "supermercado": "Carrefour"},
{"query": "Masa de pizza", "nombre": "Masa para pizza finissima Buitoni 260 g.", "imagen_src": "https://static.carrefour.es/hd_350x_/img_pim_food/059670_00_1.jpg", "precio_peso": "7,88 \u20ac/kg", "precio": "2,05 \u20ac", "oferta": "", "supermercado": "Carrefour"},
{"query": "Masa de pizza", "nombre": "Bases de pizza artesanas extrafinas Carrefour pack de 3 bases de 125 g.", "imagen_src": "https://static.carrefour.es/hd_350x_/img_pim_food/687591_00_1.jpg", "precio_peso": "4,51 \u20ac/kg", "precio": "1,69 \u20ac", "oferta": "", "supermercado": "Carrefour"},
{"query": "Masa de pizza", "nombre": "Masa maxi pizza Carrefour 385 g.", "imagen_src": "https://static.carrefour.es/hd_350x_/img_pim_food/387521_00_1.jpg", "precio_peso": "6,21 \u20ac/kg", "precio": "2,39 \u20ac", "oferta": "", "supermercado": "Carrefour"},
{"query": "Masa de pizza", "nombre": "", "imagen_src": "https://static.carrefour.es/hd_350x_/img_pim_food/683885_00_1.jpg", "precio_peso": "", "precio": "", "oferta": "", "supermercado": "Carrefour"},
{"query": "Masa de pizza", "nombre": "", "imagen_src": "https://static.carrefour.es/hd_350x_/img_pim_food/907547_00_1.jpg", "precio_peso": "", "precio": "", "oferta": "", "supermercado": "Carrefour"},
],
[
{"query": "Churros", "nombre": "Churros lazo Carrefour sin lactosa 500 g.", "imagen_src": "https://static.carrefour.es/hd_350x_/img_pim_food/796734_00_1.jpg", "precio_peso": "2,20 \u20ac/kg", "precio": "1,10 \u20ac", "oferta": "", "supermercado": "Carrefour"},
{"query": "Churros", "nombre": "Churros lazo Maheso sin gluten sin lactosa 200 g.", "imagen_src": "https://static.carrefour.es/hd_350x_/img_pim_food/459457_00_1.jpg", "precio_peso": "18,45 \u20ac/kg", "precio": "3,69 \u20ac", "oferta": "", "supermercado": "Carrefour"},
{"query": "Churros", "nombre": "Churros de lazo La Santina sin gluten 150 g.", "imagen_src": "https://static.carrefour.es/hd_350x_/img_pim_food/990094_00_1.jpg", "precio_peso": "19,27 \u20ac/kg", "precio": "2,89 \u20ac", "oferta": "", "supermercado": "Carrefour"},
{"query": "Churros", "nombre": "Churras Y Merinas. Cronicas Montaneras Ii", "imagen_src": "https://static.carrefour.es/hd_350x_/imagenes/products/97884/16871/650/9788416871650/imagenGrande1.jpg", "precio_peso": "", "precio": "12,82 \u20ac", "oferta": "", "supermercado": "Carrefour"},
{"query": "Churros", "nombre": "", "imagen_src": "https://static.carrefour.es/hd_350x_/imagenes/products/87130/16092/021/8713016092021/imagenGrande1.jpg", "precio_peso": "", "precio": "", "oferta": "", "supermercado": "Carrefour"},
{"query": "Churros", "nombre": "", "imagen_src": "https://static.carrefour.es/hd_350x_/imagenes/products/97884/14023/303/9788414023303/imagenGrande1.jpg", "precio_peso": "", "precio": "", "oferta": "", "supermercado": "Carrefour"},
],
[
{"query": "Ensaladilla rusa", "nombre": "", "imagen_src": "https://static.carrefour.es/hd_350x_/img_pim_food/673183_00_1.jpg", "precio_peso": "0,94 \u20ac/kg", "precio": "0,94 \u20ac", "oferta": "", "supermercado": "Carrefour"},
{"query": "Ensaladilla rusa", "nombre": "Ensaladilla rusa con atun Carrefour 250 g.", "imagen_src": "https://static.carrefour.es/hd_350x_/img_pim_food/277337_00_1.jpg", "precio_peso": "7,20 \u20ac/kg", "precio": "1,80 \u20ac", "oferta": "", "supermercado": "Carrefour"},
{"query": "Ensaladilla rusa", "nombre": "Ensaladilla rusa 300 g", "imagen_src": "https://static.carrefour.es/hd_350x_/img_pim_food/552682_00_1.jpg", "precio_peso": "8,33 \u20ac/kg", "precio": "2,50 \u20ac", "oferta": "", "supermercado": "Carrefour"},
{"query": "Ensaladilla rusa", "nombre": "Ensaladilla rusa 800 g", "imagen_src": "https://static.carrefour.es/hd_350x_/img_pim_food/552845_00_1.jpg", "precio_peso": "7,19 \u20ac/kg", "precio": "5,75 \u20ac", "oferta": "", "supermercado": "Carrefour"},
{"query": "Ensaladilla rusa", "nombre": "", "imagen_src": "https://static.carrefour.es/hd_350x_/img_pim_food/795557_00_1.jpg", "precio_peso": "", "precio": "", "oferta": "", "supermercado": "Carrefour"},
{"query": "Ensaladilla rusa", "nombre": "", "imagen_src": "https://static.carrefour.es/hd_350x_/img_pim_food/785921_00_1.jpg", "precio_peso": "", "precio": "", "oferta": "", "supermercado": "Carrefour"},
],
[
{"query": "Muslito de mar", "nombre": "Muslitos de mar Carrefour 500 g.", "imagen_src": "https://static.carrefour.es/hd_350x_/img_pim_food/569232_00_1.jpg", "precio_peso": "4,78 \u20ac/kg", "precio": "2,39 \u20ac", "oferta": "", "supermercado": "Carrefour"},
{"query": "Muslito de mar", "nombre": "Muslitos de mar Pescanova sin gluten y sin lactosa 250 g.", "imagen_src": "https://static.carrefour.es/hd_350x_/img_pim_food/208201_00_1.jpg", "precio_peso": "8,76 \u20ac/kg", "precio": "2,19 \u20ac", "oferta": "", "supermercado": "Carrefour"},
],
[
{"query": "Pannini de jam\u00f3n y queso", "nombre": "Pannini de jamon y queso Dr. Oetker 250 g.", "imagen_src": "https://static.carrefour.es/hd_350x_/img_pim_food/003028_00_1.jpg", "precio_peso": "11,56 \u20ac/kg", "precio": "2,89 \u20ac", "oferta": "", "supermercado": "Carrefour"},
],
[
{"query": "Varitas de merluza", "nombre": "Varitas de merluza empanada Carrefour 450 g.", "imagen_src": "https://static.carrefour.es/hd_350x_/img_pim_food/978886_00_1.jpg", "precio_peso": "5,98 \u20ac/kg", "precio": "2,69 \u20ac", "oferta": "", "supermercado": "Carrefour"},
{"query": "Varitas de merluza", "nombre": "Varitas de merluza empanadas congeladas Carrefour 400 g", "imagen_src": "https://static.carrefour.es/hd_350x_/img_pim_food/381513_00_1.jpg", "precio_peso": "7,37 \u20ac/kg", "precio": "2,95 \u20ac", "oferta": "", "supermercado": "Carrefour"},
{"query": "Varitas de merluza", "nombre": "Varitas de merluza Pescanova 450 g.", "imagen_src": "https://static.carrefour.es/hd_350x_/img_pim_food/043129_00_1.jpg", "precio_peso": "7,09 \u20ac/kg", "precio": "3,19 \u20ac", "oferta": "", "supermercado": "Carrefour"},
{"query": "Varitas de merluza", "nombre": "Varitas popcorn de merluza Pescanova 300 g.", "imagen_src": "https://static.carrefour.es/hd_350x_/img_pim_food/799996_00_1.jpg", "precio_peso": "12,30 \u20ac/kg", "precio": "3,69 \u20ac", "oferta": "", "supermercado": "Carrefour"},
],
[
],
[
{"query": "Zumo de manzana", "nombre": "Zumo de manzana Carrefour brik 1 l.", "imagen_src": "https://static.carrefour.es/hd_350x_/img_pim_food/955067_00_1.jpg", "precio_peso": "0,68 \u20ac/l", "precio": "0,68 \u20ac", "oferta": "", "supermercado": "Carrefour"},
{"query": "Zumo de manzana", "nombre": "Zumo de manzana Don Simon brik 1 l.", "imagen_src": "https://static.carrefour.es/hd_350x_/img_pim_food/040240_00_1.jpg", "precio_peso": "1,31 \u20ac/l", "precio": "1,31 \u20ac", "oferta": "", "supermercado": "Carrefour"},
{"query": "Zumo de manzana", "nombre": "Zumo de manzana Carrefour pack de 6 briks de 20 cl.", "imagen_src": "https://static.carrefour.es/hd_350x_/img_pim_food/409612_00_1.jpg", "precio_peso": "0,96 \u20ac/l", "precio": "1,15 \u20ac", "oferta": "", "supermercado": "Carrefour"},
{"query": "Zumo de manzana", "nombre": "Zumo de pina, manzana y uva Carrefour pack de 6 briks de 20 cl.", "imagen_src": "https://static.carrefour.es/hd_350x_/img_pim_food/703538_00_1.jpg", "precio_peso": "0,83 \u20ac/l", "precio": "0,99 \u20ac", "oferta": "", "supermercado": "Carrefour"},
{"query": "Zumo de manzana", "nombre": "", "imagen_src": "https://static.carrefour.es/hd_350x_/img_pim_food/955069_00_1.jpg", "precio_peso": "", "precio": "0,70 \u20ac", "oferta": "", "supermercado": "Carrefour"},
{"query": "Zumo de manzana", "nombre": "", "imagen_src": "https://static.carrefour.es/hd_350x_/img_pim_food/501004_00_1.jpg", "precio_peso": "", "precio": "1,74 \u20ac", "oferta": "", "supermercado": "Carrefour"},
],
[
{"query": "Zumo de pi\u00f1a", "nombre": "Zumo de pina Carrefour exprimido brik 1 l.", "imagen_src": "https://static.carrefour.es/hd_350x_/img_pim_food/724005_00_1.jpg", "precio_peso": "1,89 \u20ac/l", "precio": "1,89 \u20ac", "oferta": "", "supermercado": "Carrefour"},
{"query": "Zumo de pi\u00f1a", "nombre": "Zumo de pina, manzana y uva Don Simon pack de 6 briks de 20 cl.", "imagen_src": "https://static.carrefour.es/hd_350x_/img_pim_food/501004_00_1.jpg", "precio_peso": "1,45 \u20ac/l", "precio": "1,74 \u20ac", "oferta": "", "supermercado": "Carrefour"},
{"query": "Zumo de pi\u00f1a", "nombre": "Zumo de pina, manzana y uva Carrefour pack de 6 briks de 20 cl.", "imagen_src": "https://static.carrefour.es/hd_350x_/img_pim_food/703538_00_1.jpg", "precio_peso": "0,83 \u20ac/l", "precio": "0,99 \u20ac", "oferta": "", "supermercado": "Carrefour"},
{"query": "Zumo de pi\u00f1a", "nombre": "Zumo de pina sin azucar anadido Juver-Disfruta brik 2 l.", "imagen_src": "https://static.carrefour.es/hd_350x_/img_pim_food/231409_00_1.jpg", "precio_peso": "1,64 \u20ac/l", "precio": "3,29 \u20ac", "oferta": "", "supermercado": "Carrefour"},
{"query": "Zumo de pi\u00f1a", "nombre": "", "imagen_src": "https://static.carrefour.es/hd_350x_/img_pim_food/241919_00_1.jpg", "precio_peso": "", "precio": "2,49 \u20ac", "oferta": "", "supermercado": "Carrefour"},
{"query": "Zumo de pi\u00f1a", "nombre": "", "imagen_src": "https://static.carrefour.es/hd_350x_/img_pim_food/383299_00_1.jpg", "precio_peso": "", "precio": "2,99 \u20ac", "oferta": "", "supermercado": "Carrefour"},
],
[
{"query": "Zumo de naranja", "nombre": "Zumo de naranja Carrefour con pulpa brik 1 l.", "imagen_src": "https://static.carrefour.es/hd_350x_/img_pim_food/958508_00_1.jpg", "precio_peso": "1,05 \u20ac/l", "precio": "1,05 \u20ac", "oferta": "", "supermercado": "Carrefour"},
{"query": "Zumo de naranja", "nombre": "Zumo de naranja Carrefour Classic' brik 1 l.", "imagen_src": "https://static.carrefour.es/hd_350x_/img_pim_food/670948_00_1.jpg", "precio_peso": "0,83 \u20ac/l", "precio": "0,83 \u20ac", "oferta": "", "supermercado": "Carrefour"},
{"query": "Zumo de naranja", "nombre": "Zumo de naranja Carrefour exprimido sin pulpa brik 1 l.", "imagen_src": "https://static.carrefour.es/hd_350x_/img_pim_food/943690_00_1.jpg", "precio_peso": "1,24 \u20ac/l", "precio": "1,24 \u20ac", "oferta": "", "supermercado": "Carrefour"},
{"query": "Zumo de naranja", "nombre": "Zumo de naranja 100% Fruta Granini botella 1 l. ", "imagen_src": "https://static.carrefour.es/hd_350x_/img_pim_food/000601_00_1.jpg", "precio_peso": "2,49 \u20ac/l", "precio": "2,49 \u20ac", "oferta": "", "supermercado": "Carrefour"},
{"query": "Zumo de naranja", "nombre": "", "imagen_src": "https://static.carrefour.es/hd_350x_/img_pim_food/000100_00_1.jpg", "precio_peso": "1,28 \u20ac/l", "precio": "1,28 \u20ac", "oferta": "", "supermercado": "Carrefour"},
{"query": "Zumo de naranja", "nombre": "", "imagen_src": "https://static.carrefour.es/hd_350x_/img_pim_food/419817_00_1.jpg", "precio_peso": "2,65 \u20ac/l", "precio": "1,99 \u20ac", "oferta": "", "supermercado": "Carrefour"},
],
[
{"query": "Zumo de manzana", "nombre": "Zumo de manzana Carrefour brik 1 l.", "imagen_src": "https://static.carrefour.es/hd_350x_/img_pim_food/955067_00_1.jpg", "precio_peso": "0,68 \u20ac/l", "precio": "0,68 \u20ac", "oferta": "", "supermercado": "Carrefour"},
{"query": "Zumo de manzana", "nombre": "Zumo de manzana Don Simon brik 1 l.", "imagen_src": "https://static.carrefour.es/hd_350x_/img_pim_food/040240_00_1.jpg", "precio_peso": "1,31 \u20ac/l", "precio": "1,31 \u20ac", "oferta": "", "supermercado": "Carrefour"},
{"query": "Zumo de manzana", "nombre": "Zumo de manzana Carrefour pack de 6 briks de 20 cl.", "imagen_src": "https://static.carrefour.es/hd_350x_/img_pim_food/409612_00_1.jpg", "precio_peso": "0,96 \u20ac/l", "precio": "1,15 \u20ac", "oferta": "", "supermercado": "Carrefour"},
{"query": "Zumo de manzana", "nombre": "Zumo de pina, manzana y uva Carrefour pack de 6 briks de 20 cl.", "imagen_src": "https://static.carrefour.es/hd_350x_/img_pim_food/703538_00_1.jpg", "precio_peso": "0,83 \u20ac/l", "precio": "0,99 \u20ac", "oferta": "", "supermercado": "Carrefour"},
{"query": "Zumo de manzana", "nombre": "", "imagen_src": "https://static.carrefour.es/hd_350x_/img_pim_food/955069_00_1.jpg", "precio_peso": "", "precio": "0,70 \u20ac", "oferta": "", "supermercado": "Carrefour"},
{"query": "Zumo de manzana", "nombre": "", "imagen_src": "https://static.carrefour.es/hd_350x_/img_pim_food/501004_00_1.jpg", "precio_peso": "", "precio": "1,74 \u20ac", "oferta": "", "supermercado": "Carrefour"},
],
[
{"query": "Zumo de melocot\u00f3n", "nombre": "Zumo de melocoton, manzana y uva Carrefour brik 1 l.", "imagen_src": "https://static.carrefour.es/hd_350x_/img_pim_food/955069_00_1.jpg", "precio_peso": "0,70 \u20ac/l", "precio": "0,70 \u20ac", "oferta": "", "supermercado": "Carrefour"},
{"query": "Zumo de melocot\u00f3n", "nombre": "Bebida de melocoton Carrefour sin azucar anadido pbrik 1 l.", "imagen_src": "https://static.carrefour.es/hd_350x_/img_pim_food/855250_00_1.jpg", "precio_peso": "0,75 \u20ac/l", "precio": "0,75 \u20ac", "oferta": "", "supermercado": "Carrefour"},
{"query": "Zumo de melocot\u00f3n", "nombre": "Nectar de melocoton y uva Carrefour brik 1 l.", "imagen_src": "https://static.carrefour.es/hd_350x_/img_pim_food/865501_00_1.jpg", "precio_peso": "0,77 \u20ac/l", "precio": "0,77 \u20ac", "oferta": "", "supermercado": "Carrefour"},
{"query": "Zumo de melocot\u00f3n", "nombre": "Zumo de melocoton, manzana y uva Don Simon pack de 6 briks de 20 cl.", "imagen_src": "https://static.carrefour.es/hd_350x_/img_pim_food/500997_00_1.jpg", "precio_peso": "1,48 \u20ac/l", "precio": "1,78 \u20ac", "oferta": "", "supermercado": "Carrefour"},
{"query": "Zumo de melocot\u00f3n", "nombre": "", "imagen_src": "https://static.carrefour.es/hd_350x_/img_pim_food/025668_00_1.jpg", "precio_peso": "", "precio": "1,82 \u20ac", "oferta": "", "supermercado": "Carrefour"},
{"query": "Zumo de melocot\u00f3n", "nombre": "", "imagen_src": "https://static.carrefour.es/hd_350x_/img_pim_food/383300_00_1.jpg", "precio_peso": "", "precio": "2,95 \u20ac", "oferta": "", "supermercado": "Carrefour"},
],
[
{"query": "Galletita salada", "nombre": "Galletas saladas Carrefour 350 g.", "imagen_src": "https://static.carrefour.es/hd_350x_/img_pim_food/523606_00_1.jpg", "precio_peso": "3,29 \u20ac/kg", "precio": "1,15 \u20ac", "oferta": "", "supermercado": "Carrefour"},
{"query": "Galletita salada", "nombre": "Cocktail de galletas saladas Carrefour 300 g.", "imagen_src": "https://static.carrefour.es/hd_350x_/img_pim_food/647993_00_1.jpg", "precio_peso": "4,33 \u20ac/kg", "precio": "1,30 \u20ac", "oferta": "", "supermercado": "Carrefour"},
{"query": "Galletita salada", "nombre": "Galletas saladas Ritz 200 g.", "imagen_src": "https://static.carrefour.es/hd_350x_/img_pim_food/795462_00_1.jpg", "precio_peso": "12,45 \u20ac/kg", "precio": "2,49 \u20ac", "oferta": "", "supermercado": "Carrefour"},
{"query": "Galletita salada", "nombre": "Galletas saladas sticks Lorenz 150 g.", "imagen_src": "https://static.carrefour.es/hd_350x_/img_pim_food/036520_00_1.jpg", "precio_peso": "10 \u20ac/kg", "precio": "1,50 \u20ac", "oferta": "", "supermercado": "Carrefour"},
{"query": "Galletita salada", "nombre": "", "imagen_src": "https://static.carrefour.es/hd_350x_/img_pim_food/799872_00_1.jpg", "precio_peso": "6,38 \u20ac/kg", "precio": "1,99 \u20ac", "oferta": "", "supermercado": "Carrefour"},
{"query": "Galletita salada", "nombre": "", "imagen_src": "https://static.carrefour.es/hd_350x_/img_pim_food/560118_00_1.jpg", "precio_peso": "17 \u20ac/kg", "precio": "2,55 \u20ac", "oferta": "", "supermercado": "Carrefour"},
],
[
{"query": "Gusanitos de ma\u00edz", "nombre": "Pack 15 Bolsas Gusanitos De Maiz 38g", "imagen_src": "https://static.carrefour.es/hd_350x_/imagenes/products/21000/00210/763/2100000210763/imagenGrande1.jpg", "precio_peso": "", "precio": "25,35 \u20ac", "oferta": "", "supermercado": "Carrefour"},
],
[
],
[
],
[
{"query": "Helado", "nombre": "Sandwich Jungly Maxibon Nestle 4 ud.", "imagen_src": "https://static.carrefour.es/hd_350x_/img_pim_food/724176_00_1.jpg", "precio_peso": "1,31 \u20ac/ud", "precio": "5,25 \u20ac", "oferta": "", "supermercado": "Carrefour"},
{"query": "Helado", "nombre": "Helado Flash`s Siglitos sin gluten y sin lactosa 12 ud.", "imagen_src": "https://static.carrefour.es/hd_350x_/img_pim_food/366228_00_1.jpg", "precio_peso": "1,04 \u20ac/l", "precio": "1 \u20ac", "oferta": "", "supermercado": "Carrefour"},
{"query": "Helado", "nombre": "Conos con helado de vainilla Carrefour Extra 6 ud.", "imagen_src": "https://static.carrefour.es/hd_350x_/img_pim_food/485162_00_1.jpg", "precio_peso": "0,22 \u20ac/ud", "precio": "1,32 \u20ac", "oferta": "", "supermercado": "Carrefour"},
{"query": "Helado", "nombre": "Conos con helado de nata y fresa con salsa de fresa Carrefour 4 ud.", "imagen_src": "https://static.carrefour.es/hd_350x_/img_pim_food/364620_00_1.jpg", "precio_peso": "0,27 \u20ac/ud", "precio": "1,07 \u20ac", "oferta": "", "supermercado": "Carrefour"},
],
[
{"query": "Bebida isot\u00f3nica", "nombre": "", "imagen_src": "https://static.carrefour.es/hd_350x_/img_pim_food/309180_00_1.jpg", "precio_peso": "0,60 \u20ac/l", "precio": "0,90 \u20ac", "oferta": "", "supermercado": "Carrefour"},
{"query": "Bebida isot\u00f3nica", "nombre": "Bebida Isotonica Carrefour sin gas sabor naranja botella 1,5 l.", "imagen_src": "https://static.carrefour.es/hd_350x_/img_pim_food/309183_00_1.jpg", "precio_peso": "0,60 \u20ac/l", "precio": "0,90 \u20ac", "oferta": "", "supermercado": "Carrefour"},
{"query": "Bebida isot\u00f3nica", "nombre": "Bebida Isotonica Carrefour Blue botella 50 cl.", "imagen_src": "https://static.carrefour.es/hd_350x_/img_pim_food/841803_00_1.jpg", "precio_peso": "1,04 \u20ac/l", "precio": "0,52 \u20ac", "oferta": "", "supermercado": "Carrefour"},
{"query": "Bebida isot\u00f3nica", "nombre": "Bebida Isotonica Carrefour Yellow botella 50 cl.", "imagen_src": "https://static.carrefour.es/hd_350x_/img_pim_food/841804_00_1.jpg", "precio_peso": "1,04 \u20ac/l", "precio": "0,52 \u20ac", "oferta": "", "supermercado": "Carrefour"},
{"query": "Bebida isot\u00f3nica", "nombre": "", "imagen_src": "https://static.carrefour.es/hd_350x_/img_pim_food/964053_00_1.jpg", "precio_peso": "4,22 \u20ac/l", "precio": "2,11 \u20ac", "oferta": "", "supermercado": "Carrefour"},
{"query": "Bebida isot\u00f3nica", "nombre": "", "imagen_src": "https://static.carrefour.es/hd_350x_/img_pim_food/858185_00_1.jpg", "precio_peso": "4,58 \u20ac/l", "precio": "2,29 \u20ac", "oferta": "", "supermercado": "Carrefour"},
],
[
{"query": "Papas", "nombre": "Patatas fritas al punto de sal Lay's sin gluten y sin lactosa 282 g.", "imagen_src": "https://static.carrefour.es/hd_350x_/img_pim_food/593717_00_1.jpg", "precio_peso": "8,83 \u20ac/kg", "precio": "2,49 \u20ac", "oferta": "", "supermercado": "Carrefour"},
{"query": "Papas", "nombre": "Patatas fritas extracrujientes oliva Seleccion Carrefour 150 g.", "imagen_src": "https://static.carrefour.es/hd_350x_/img_pim_food/177049_00_1.jpg", "precio_peso": "6,60 \u20ac/kg", "precio": "0,99 \u20ac", "oferta": "", "supermercado": "Carrefour"},
{"query": "Papas", "nombre": "Patatas fritas churreria en aceite de girasol Carrefour pack de 2 bolsas de 150 g.", "imagen_src": "https://static.carrefour.es/hd_350x_/img_pim_food/897891_00_1.jpg", "precio_peso": "6 \u20ac/kg", "precio": "1,80 \u20ac", "oferta": "", "supermercado": "Carrefour"},
{"query": "Papas", "nombre": "Patata 5 Kg", "imagen_src": "https://static.carrefour.es/hd_350x_/img_pim_food/021119_00_1.jpg", "precio_peso": "0,80 \u20ac/kg", "precio": "3,99 \u20ac", "oferta": "", "supermercado": "Carrefour"},
{"query": "Papas", "nombre": "", "imagen_src": "https://static.carrefour.es/hd_350x_/img_pim_food/533347_00_1.jpg", "precio_peso": "", "precio": "", "oferta": "", "supermercado": "Carrefour"},
{"query": "Papas", "nombre": "", "imagen_src": "https://static.carrefour.es/hd_350x_/img_pim_food/450764_00_1.jpg", "precio_peso": "", "precio": "", "oferta": "", "supermercado": "Carrefour"},
],
[
{"query": "Huevo de chocolate", "nombre": "Huevo de chocolate con sorpresa Patrulla Canina sin gluten pack de 3 unidades de 20 g.", "imagen_src": "https://static.carrefour.es/hd_350x_/img_pim_food/462940_00_1.jpg", "precio_peso": "25 \u20ac/kg", "precio": "1,50 \u20ac", "oferta": "", "supermercado": "Carrefour"},
{"query": "Huevo de chocolate", "nombre": "Huevo de chocolate con sorpresa Kinder Joy 6 ud.", "imagen_src": "https://static.carrefour.es/hd_350x_/img_pim_food/367762_00_1.jpg", "precio_peso": "50,40 \u20ac/kg", "precio": "6,35 \u20ac", "oferta": "", "supermercado": "Carrefour"},
{"query": "Huevo de chocolate", "nombre": "Mini huevos de chocolate blanco Classic Carrefour doy pack 200 g.", "imagen_src": "https://static.carrefour.es/hd_350x_/img_pim_food/483546_00_1.jpg", "precio_peso": "15,25 \u20ac/kg", "precio": "3,05 \u20ac", "oferta": "", "supermercado": "Carrefour"},
{"query": "Huevo de chocolate", "nombre": "Mini huevos Choco bombon Classic Carrefour doy pack 200 g.", "imagen_src": "https://static.carrefour.es/hd_350x_/img_pim_food/483573_00_1.jpg", "precio_peso": "15,25 \u20ac/kg", "precio": "3,05 \u20ac", "oferta": "", "supermercado": "Carrefour"},
{"query": "Huevo de chocolate", "nombre": "", "imagen_src": "https://static.carrefour.es/hd_350x_/img_pim_food/899651_00_1.jpg", "precio_peso": "", "precio": "", "oferta": "", "supermercado": "Carrefour"},
{"query": "Huevo de chocolate", "nombre": "", "imagen_src": "https://static.carrefour.es/hd_350x_/imagenes/products/50563/29507/343/5056329507343/imagenGrande1.jpg", "precio_peso": "", "precio": "", "oferta": "", "supermercado": "Carrefour"},
],
[
{"query": "Chocolate a la taza", "nombre": "Chocolate a la taza listo para tomar Ram sin gluten brik 1 l.", "imagen_src": "https://static.carrefour.es/hd_350x_/img_pim_food/003268_00_1.jpg", "precio_peso": "2,25 \u20ac/l", "precio": "2,25 \u20ac", "oferta": "", "supermercado": "Carrefour"},
{"query": "Chocolate a la taza", "nombre": "Chocolate a la taza Valor sin gluten 350 g.", "imagen_src": "https://static.carrefour.es/hd_350x_/img_pim_food/886761_00_1.jpg", "precio_peso": "7,97 \u20ac/kg", "precio": "2,79 \u20ac", "oferta": "", "supermercado": "Carrefour"},
{"query": "Chocolate a la taza", "nombre": "Chocolate a la taza en polvo Carrefour sin gluten 400 g.", "imagen_src": "https://static.carrefour.es/hd_350x_/img_pim_food/231583_00_1.jpg", "precio_peso": "3,50 \u20ac/kg", "precio": "1,40 \u20ac", "oferta": "", "supermercado": "Carrefour"},
{"query": "Chocolate a la taza", "nombre": "Chocolate a la taza en polvo Valor sin gluten 1 kg.", "imagen_src": "https://static.carrefour.es/hd_350x_/img_pim_food/119220_00_1.jpg", "precio_peso": "5,49 \u20ac/kg", "precio": "5,49 \u20ac", "oferta": "", "supermercado": "Carrefour"},
{"query": "Chocolate a la taza", "nombre": "", "imagen_src": "https://static.carrefour.es/hd_350x_/img_pim_food/411673_00_1.jpg", "precio_peso": "", "precio": "", "oferta": "", "supermercado": "Carrefour"},
{"query": "Chocolate a la taza", "nombre": "", "imagen_src": "https://static.carrefour.es/hd_350x_/img_pim_food/809137_00_1.jpg", "precio_peso": "", "precio": "", "oferta": "", "supermercado": "Carrefour"},
],
[
{"query": "Gominolas", "nombre": "Moras de goma Carrefour Classic sin gluten 200 g.", "imagen_src": "https://static.carrefour.es/hd_350x_/img_pim_food/615092_00_1.jpg", "precio_peso": "4,45 \u20ac/kg", "precio": "0,89 \u20ac", "oferta": "", "supermercado": "Carrefour"},
{"query": "Gominolas", "nombre": "Ladrillos de goma sabor fresa y pica pica Classic Carrefour sin gluten 200 g.", "imagen_src": "https://static.carrefour.es/hd_350x_/img_pim_food/614937_00_1.jpg", "precio_peso": "5,75 \u20ac/kg", "precio": "1,15 \u20ac", "oferta": "", "supermercado": "Carrefour"},
{"query": "Gominolas", "nombre": "Fresas de goma Carrefour Classic sin gluten 200 g.", "imagen_src": "https://static.carrefour.es/hd_350x_/img_pim_food/614963_00_1.jpg", "precio_peso": "4,95 \u20ac/kg", "precio": "0,99 \u20ac", "oferta": "", "supermercado": "Carrefour"},
{"query": "Gominolas", "nombre": "Corazones de goma sabor a melocoton Carrefour Classic sin gluten 200 g.", "imagen_src": "https://static.carrefour.es/hd_350x_/img_pim_food/614932_00_1.jpg", "precio_peso": "4,95 \u20ac/kg", "precio": "0,99 \u20ac", "oferta": "", "supermercado": "Carrefour"},
{"query": "Gominolas", "nombre": "", "imagen_src": "https://static.carrefour.es/hd_350x_/img_pim_food/614930_00_1.jpg", "precio_peso": "", "precio": "", "oferta": "", "supermercado": "Carrefour"},
{"query": "Gominolas", "nombre": "", "imagen_src": "https://static.carrefour.es/hd_350x_/img_pim_food/611233_00_1.jpg", "precio_peso": "", "precio": "", "oferta": "", "supermercado": "Carrefour"},
],
[
{"query": "Tortitas de ma\u00edz", "nombre": "Tortitas de maiz Carrefour pack de 4 unidades de 33 g.", "imagen_src": "https://static.carrefour.es/hd_350x_/img_pim_food/086221_00_1.jpg", "precio_peso": "9,17 \u20ac/kg", "precio": "1,21 \u20ac", "oferta": "", "supermercado": "Carrefour"},
{"query": "Tortitas de ma\u00edz", "nombre": "Tortitas de maiz multicereales Carrefour sin gluten 130 g.", "imagen_src": "https://static.carrefour.es/hd_350x_/img_pim_food/339262_00_1.jpg", "precio_peso": "7,62 \u20ac/kg", "precio": "0,99 \u20ac", "oferta": "", "supermercado": "Carrefour"},
{"query": "Tortitas de ma\u00edz", "nombre": "Tortitas de maiz Vitalday Gullon sin gluten 130 g.", "imagen_src": "https://static.carrefour.es/hd_350x_/img_pim_food/342235_00_1.jpg", "precio_peso": "8,69 \u20ac/kg", "precio": "1,13 \u20ac", "oferta": "", "supermercado": "Carrefour"},
{"query": "Tortitas de ma\u00edz", "nombre": "Tortitas de maiz Bicentury 130 g.", "imagen_src": "https://static.carrefour.es/hd_350x_/img_pim_food/682018_00_1.jpg", "precio_peso": "9,92 \u20ac/kg", "precio": "1,29 \u20ac", "oferta": "", "supermercado": "Carrefour"},
{"query": "Tortitas de ma\u00edz", "nombre": "", "imagen_src": "https://static.carrefour.es/hd_350x_/img_pim_food/159085_00_1.jpg", "precio_peso": "", "precio": "", "oferta": "", "supermercado": "Carrefour"},
{"query": "Tortitas de ma\u00edz", "nombre": "", "imagen_src": "https://static.carrefour.es/hd_350x_/img_pim_food/763746_00_1.jpg", "precio_peso": "", "precio": "", "oferta": "", "supermercado": "Carrefour"},
],
[
{"query": "Membrillo", "nombre": "Dulce de membrillo casero Emily sin gluten 250 g.", "imagen_src": "https://static.carrefour.es/hd_350x_/img_pim_food/884601_00_1.jpg", "precio_peso": "7,96 \u20ac/kg", "precio": "1,99 \u20ac", "oferta": "", "supermercado": "Carrefour"},
{"query": "Membrillo", "nombre": "Membrillo De Nuestra Tierra 310 g.", "imagen_src": "https://static.carrefour.es/hd_350x_/img_pim_food/950939_00_1.jpg", "precio_peso": "11,45 \u20ac/kg", "precio": "3,55 \u20ac", "oferta": "", "supermercado": "Carrefour"},
{"query": "Membrillo", "nombre": "Membrillo ecologico Santa Teresa sin gluten 290 g.", "imagen_src": "https://static.carrefour.es/hd_350x_/img_pim_food/223510_00_1.jpg", "precio_peso": "13,76 \u20ac/kg", "precio": "3,99 \u20ac", "oferta": "", "supermercado": "Carrefour"},
{"query": "Membrillo", "nombre": "Dulce de membrillo ecologico Helios sin gluten y sin lactosa 330 g.", "imagen_src": "https://static.carrefour.es/hd_350x_/img_pim_food/979665_00_1.jpg", "precio_peso": "6,82 \u20ac/kg", "precio": "2,25 \u20ac", "oferta": "", "supermercado": "Carrefour"},
{"query": "Membrillo", "nombre": "", "imagen_src": "https://static.carrefour.es/hd_350x_/img_pim_food/899720_00_1.jpg", "precio_peso": "", "precio": "", "oferta": "", "supermercado": "Carrefour"},
{"query": "Membrillo", "nombre": "", "imagen_src": "https://static.carrefour.es/hd_350x_/img_pim_food/283997_00_1.jpg", "precio_peso": "", "precio": "", "oferta": "", "supermercado": "Carrefour"},
],
[
{"query": "Horchata", "nombre": "Horchata de chufa Carrefour brik 1 l.", "imagen_src": "https://static.carrefour.es/hd_350x_/img_pim_food/232879_00_1.jpg", "precio_peso": "0,99 \u20ac/l", "precio": "0,99 \u20ac", "oferta": "", "supermercado": "Carrefour"},
{"query": "Horchata", "nombre": "Horchata de chufa Original Chufi sin gluten sin lactosa botella 1 l.", "imagen_src": "https://static.carrefour.es/hd_350x_/img_pim_food/044607_00_1.jpg", "precio_peso": "1,53 \u20ac/l", "precio": "1,53 \u20ac", "oferta": "", "supermercado": "Carrefour"},
{"query": "Horchata", "nombre": "Horchata de chufa Carrefour botella 1 l.", "imagen_src": "https://static.carrefour.es/hd_350x_/img_pim_food/928972_00_1.jpg", "precio_peso": "1,45 \u20ac/l", "precio": "1,45 \u20ac", "oferta": "", "supermercado": "Carrefour"},
{"query": "Horchata", "nombre": "Horchata de chufa Maestro Horchatero Chufi sin gluten sin lactosa botella 1 l.", "imagen_src": "https://static.carrefour.es/hd_350x_/img_pim_food/428450_00_1.jpg", "precio_peso": "1,99 \u20ac/l", "precio": "1,99 \u20ac", "oferta": "", "supermercado": "Carrefour"},
{"query": "Horchata", "nombre": "", "imagen_src": "https://static.carrefour.es/hd_350x_/img_pim_food/496495_00_1.jpg", "precio_peso": "", "precio": "", "oferta": "", "supermercado": "Carrefour"},
{"query": "Horchata", "nombre": "", "imagen_src": "https://static.carrefour.es/hd_350x_/img_pim_food/589787_00_1.jpg", "precio_peso": "", "precio": "", "oferta": "", "supermercado": "Carrefour"},
],
[
{"query": "Cereales en polvo", "nombre": "Dosificador para leche en polvo y cereales Suavinex 1 ud.", "imagen_src": "https://static.carrefour.es/hd_350x_/img_pim_food/518321_00_1.jpg", "precio_peso": "5,99 \u20ac/ud", "precio": "5,99 \u20ac", "oferta": "", "supermercado": "Carrefour"},
{"query": "Cereales en polvo", "nombre": "Chocolate a la taza en polvo Carrefour sin gluten 400 g.", "imagen_src": "https://static.carrefour.es/hd_350x_/img_pim_food/231583_00_1.jpg", "precio_peso": "3,50 \u20ac/kg", "precio": "1,40 \u20ac", "oferta": "", "supermercado": "Carrefour"},
{"query": "Cereales en polvo", "nombre": "Chocolate a la taza en polvo Valor sin gluten 1 kg.", "imagen_src": "https://static.carrefour.es/hd_350x_/img_pim_food/119220_00_1.jpg", "precio_peso": "5,49 \u20ac/kg", "precio": "5,49 \u20ac", "oferta": "", "supermercado": "Carrefour"},
{"query": "Cereales en polvo", "nombre": "Avena instantanea sabor a galleta en polvo Prozis 1250 g.", "imagen_src": "https://static.carrefour.es/hd_350x_/img_pim_food/517720_00_1.jpg", "precio_peso": "6,39 \u20ac/kg", "precio": "7,99 \u20ac", "oferta": "", "supermercado": "Carrefour"},
],
[
{"query": "Leche infantil", "nombre": "Leche infantil de crecimiento original desde 12 meses Nestle Nativa 3 sin gluten sin aceite de palma brik 1 l.", "imagen_src": "https://static.carrefour.es/hd_350x_/img_pim_food/372211_00_1.jpg", "precio_peso": "1,59 \u20ac/l", "precio": "1,59 \u20ac", "oferta": "", "supermercado": "Carrefour"},
{"query": "Leche infantil", "nombre": "Leche infantil de crecimiento desde 12 meses con cereales Nestle Nativa 3 sin aceite de palma brik 1 l.", "imagen_src": "https://static.carrefour.es/hd_350x_/img_pim_food/683677_00_1.jpg", "precio_peso": "1,59 \u20ac/l", "precio": "1,59 \u20ac", "oferta": "", "supermercado": "Carrefour"},
{"query": "Leche infantil", "nombre": "Preparado lacteo infantil de crecimiento desde 3 anos con cereales Nestle Junior sin aceite de palma brik 1 l.", "imagen_src": "https://static.carrefour.es/hd_350x_/img_pim_food/496800_00_1.jpg", "precio_peso": "1,87 \u20ac/l", "precio": "1,87 \u20ac", "oferta": "", "supermercado": "Carrefour"},
{"query": "Leche infantil", "nombre": "Leche infantil desde 6 meses en polvo Nutriben sin lactosa 2 lata 400 g.", "imagen_src": "https://static.carrefour.es/hd_350x_/img_pim_food/553097_00_1.jpg", "precio_peso": "30,23 \u20ac/kg", "precio": "12,09 \u20ac", "oferta": "", "supermercado": "Carrefour"},
{"query": "Leche infantil", "nombre": "", "imagen_src": "https://static.carrefour.es/hd_350x_/img_pim_food/553058_00_1.jpg", "precio_peso": "", "precio": "", "oferta": "", "supermercado": "Carrefour"},
{"query": "Leche infantil", "nombre": "", "imagen_src": "https://static.carrefour.es/hd_350x_/img_pim_food/624764_00_1.jpg", "precio_peso": "", "precio": "", "oferta": "", "supermercado": "Carrefour"},
],
[
{"query": "Potito", "nombre": "Tarrito de verduritas con pollo y ternera desde 6 meses Hero Baby sin aceite de palma 235 g.", "imagen_src": "https://static.carrefour.es/hd_350x_/img_pim_food/002402_00_1.jpg", "precio_peso": "5,91 \u20ac/kg", "precio": "1,39 \u20ac", "oferta": "", "supermercado": "Carrefour"},
{"query": "Potito", "nombre": "Tarrito de zanahorias baby con ternera desde 6 meses Hero Baby sin aceite de palma 235 g.", "imagen_src": "https://static.carrefour.es/hd_350x_/img_pim_food/002404_00_1.jpg", "precio_peso": "5,91 \u20ac/kg", "precio": "1,39 \u20ac", "oferta": "", "supermercado": "Carrefour"},
{"query": "Potito", "nombre": "Tarrito de verduritas con delicias de pavo desde 6 meses Hero Baby sin aceite de palma 235 g.", "imagen_src": "https://static.carrefour.es/hd_350x_/img_pim_food/189716_00_1.jpg", "precio_peso": "5,91 \u20ac/kg", "precio": "1,39 \u20ac", "oferta": "", "supermercado": "Carrefour"},
{"query": "Potito", "nombre": "Tarrito de zanahorias con arroz en caldito de pollo desde 4 meses Hero Baby sin aceite de palma 235 g.", "imagen_src": "https://static.carrefour.es/hd_350x_/img_pim_food/003187_00_1.jpg", "precio_peso": "5,91 \u20ac/kg", "precio": "1,39 \u20ac", "oferta": "", "supermercado": "Carrefour"},
{"query": "Potito", "nombre": "", "imagen_src": "https://static.carrefour.es/hd_350x_/img_pim_food/002419_00_1.jpg", "precio_peso": "", "precio": "1,39 \u20ac", "oferta": "", "supermercado": "Carrefour"},
{"query": "Potito", "nombre": "", "imagen_src": "https://static.carrefour.es/hd_350x_/img_pim_food/433079_00_1.jpg", "precio_peso": "", "precio": "2,19 \u20ac", "oferta": "", "supermercado": "Carrefour"},
],
[
{"query": "Leche infantil junior", "nombre": "Preparado lacteo infantil de crecimiento con galleta maria desde 3 anos Nestle Junior sin aceite de palma brik 1 l.", "imagen_src": "https://static.carrefour.es/hd_350x_/img_pim_food/282306_00_1.jpg", "precio_peso": "1,42 \u20ac/l", "precio": "1,42 \u20ac", "oferta": "", "supermercado": "Carrefour"},
{"query": "Leche infantil junior", "nombre": "Preparado lacteo infantil de crecimiento desde 3 anos con cereales Nestle Junior sin aceite de palma brik 1 l.", "imagen_src": "https://static.carrefour.es/hd_350x_/img_pim_food/496800_00_1.jpg", "precio_peso": "1,87 \u20ac/l", "precio": "1,87 \u20ac", "oferta": "", "supermercado": "Carrefour"},
{"query": "Leche infantil junior", "nombre": "Preparado lacteo infantil de crecimiento desde 3 anos Nestle Junior Original sin aceite de palma brik 1 l.", "imagen_src": "https://static.carrefour.es/hd_350x_/crs/cdn_static/catalog/hd/571081_00_1.jpg", "precio_peso": "", "precio": "1,39 \u20ac", "oferta": "", "supermercado": "Carrefour"},
],
[
{"query": "Leche infantil 2 a\u00f1os", "nombre": "Preparado lacteo infantil de crecimiento con galleta maria desde 3 anos Nestle Junior sin aceite de palma brik 1 l.", "imagen_src": "https://static.carrefour.es/hd_350x_/img_pim_food/282306_00_1.jpg", "precio_peso": "1,42 \u20ac/l", "precio": "1,42 \u20ac", "oferta": "", "supermercado": "Carrefour"},
{"query": "Leche infantil 2 a\u00f1os", "nombre": "Preparado lacteo infantil de crecimiento desde 3 anos Nestle Junior Original sin aceite de palma brik 1 l.", "imagen_src": "https://static.carrefour.es/hd_350x_/crs/cdn_static/catalog/hd/571081_00_1.jpg", "precio_peso": "", "precio": "1,39 \u20ac", "oferta": "", "supermercado": "Carrefour"},
],
[
{"query": "Leche infantil 3 a\u00f1os", "nombre": "Preparado lacteo infantil de crecimiento con galleta maria desde 3 anos Nestle Junior sin aceite de palma brik 1 l.", "imagen_src": "https://static.carrefour.es/hd_350x_/img_pim_food/282306_00_1.jpg", "precio_peso": "1,42 \u20ac/l", "precio": "1,42 \u20ac", "oferta": "", "supermercado": "Carrefour"},
{"query": "Leche infantil 3 a\u00f1os", "nombre": "Preparado lacteo infantil de crecimiento desde 3 anos con cereales Nestle Junior sin aceite de palma brik 1 l.", "imagen_src": "https://static.carrefour.es/hd_350x_/img_pim_food/496800_00_1.jpg", "precio_peso": "1,87 \u20ac/l", "precio": "1,87 \u20ac", "oferta": "", "supermercado": "Carrefour"},
{"query": "Leche infantil 3 a\u00f1os", "nombre": "Preparado lacteo infantil de crecimiento desde 3 anos Nestle Junior Original sin aceite de palma brik 1 l.", "imagen_src": "https://static.carrefour.es/hd_350x_/crs/cdn_static/catalog/hd/571081_00_1.jpg", "precio_peso": "", "precio": "1,39 \u20ac", "oferta": "", "supermercado": "Carrefour"},
],
[
{"query": "Bac\u00f3n ahumado", "nombre": "Bacon cocido ahumado en tiras El Pozo Corte Fresco sin gluten y sin lactosa pack 4x60 g", "imagen_src": "https://static.carrefour.es/hd_350x_/img_pim_food/069819_00_1.jpg", "precio_peso": "11,87 \u20ac/kg", "precio": "2,85 \u20ac", "oferta": "", "supermercado": "Carrefour"},
{"query": "Bac\u00f3n ahumado", "nombre": "Bacon cocido ahumado lonchas corte fresco El Pozo sin gluten sin lactosa 150 g.", "imagen_src": "https://static.carrefour.es/hd_350x_/img_pim_food/710953_00_1.jpg", "precio_peso": "11,73 \u20ac/kg", "precio": "1,76 \u20ac", "oferta": "", "supermercado": "Carrefour"},
{"query": "Bac\u00f3n ahumado", "nombre": "Bacon cocido y ahumado en lonchas sin lactosa 120 g", "imagen_src": "https://static.carrefour.es/hd_350x_/img_pim_food/445651_00_1.jpg", "precio_peso": "14,58 \u20ac/kg", "precio": "1,75 \u20ac", "oferta": "", "supermercado": "Carrefour"},
{"query": "Bac\u00f3n ahumado", "nombre": "Bacon ahumado en lonchas El Pozo pack de 2 unidades de 180 g envase de 360 g", "imagen_src": "https://static.carrefour.es/hd_350x_/img_pim_food/194807_00_1.jpg", "precio_peso": "13,06 \u20ac/kg", "precio": "4,70 \u20ac", "oferta": "", "supermercado": "Carrefour"},
{"query": "Bac\u00f3n ahumado", "nombre": "", "imagen_src": "https://static.carrefour.es/hd_350x_/img_pim_food/242228_00_1.jpg", "precio_peso": "", "precio": "", "oferta": "", "supermercado": "Carrefour"},
{"query": "Bac\u00f3n ahumado", "nombre": "", "imagen_src": "https://static.carrefour.es/hd_350x_/img_pim_food/710259_00_1.jpg", "precio_peso": "", "precio": "", "oferta": "", "supermercado": "Carrefour"},
],
[
{"query": "Caf\u00e9 con leche", "nombre": "Cafe con leche Puleva Original sin gluten 1 l.", "imagen_src": "https://static.carrefour.es/hd_350x_/img_pim_food/453276_00_1.jpg", "precio_peso": "1,61 \u20ac/l", "precio": "1,61 \u20ac", "oferta": "", "supermercado": "Carrefour"},
{"query": "Caf\u00e9 con leche", "nombre": "Cafe con leche descafeinado en capsulas Nescafe Dolce Gusto 16 ud.", "imagen_src": "https://static.carrefour.es/hd_350x_/img_pim_food/965324_00_1.jpg", "precio_peso": "30,31 \u20ac/kg", "precio": "4,85 \u20ac", "oferta": "", "supermercado": "Carrefour"},
{"query": "Caf\u00e9 con leche", "nombre": "Cafe con leche en capsulas Nescafe Dolce Gusto 30 ud.", "imagen_src": "https://static.carrefour.es/hd_350x_/img_pim_food/678656_00_1.jpg", "precio_peso": "26,77 \u20ac/kg", "precio": "8,03 \u20ac", "oferta": "", "supermercado": "Carrefour"},
{"query": "Caf\u00e9 con leche", "nombre": "Cafe con leche en capsulas Marcilla Tassimo 16 unidades de 11,5 g.", "imagen_src": "https://static.carrefour.es/hd_350x_/img_pim_food/061403_00_1.jpg", "precio_peso": "28,80 \u20ac/kg", "precio": "5,30 \u20ac", "oferta": "", "supermercado": "Carrefour"},
{"query": "Caf\u00e9 con leche", "nombre": "", "imagen_src": "https://static.carrefour.es/hd_350x_/img_pim_food/331356_00_1.jpg", "precio_peso": "", "precio": "3,40 \u20ac", "oferta": "", "supermercado": "Carrefour"},
{"query": "Caf\u00e9 con leche", "nombre": "", "imagen_src": "https://static.carrefour.es/hd_350x_/img_pim_food/625167_00_1.jpg", "precio_peso": "", "precio": "4,15 \u20ac", "oferta": "", "supermercado": "Carrefour"},
],
[
{"query": "Batido l\u00e1cteo", "nombre": "Batido de cacao Carrefour sin gluten pack de 6 briks de 200 ml.", "imagen_src": "https://static.carrefour.es/hd_350x_/img_pim_food/949065_00_1.jpg", "precio_peso": "0,99 \u20ac/l", "precio": "1,19 \u20ac", "oferta": "", "supermercado": "Carrefour"},
{"query": "Batido l\u00e1cteo", "nombre": "Batido de chocolate Puleva sin gluten pack de 6 briks de 200 ml.", "imagen_src": "https://static.carrefour.es/hd_350x_/img_pim_food/686696_00_1.jpg", "precio_peso": "1,96 \u20ac/l", "precio": "2,35 \u20ac", "oferta": "", "supermercado": "Carrefour"},
{"query": "Batido l\u00e1cteo", "nombre": "Batido de cacao Cacaolat sin gluten botella 1 l.", "imagen_src": "https://static.carrefour.es/hd_350x_/img_pim_food/044602_00_1.jpg", "precio_peso": "2,19 \u20ac/l", "precio": "2,19 \u20ac", "oferta": "", "supermercado": "Carrefour"},
{"query": "Batido l\u00e1cteo", "nombre": "Batido de cacao Carrefour sin gluten botella 1 l.", "imagen_src": "https://static.carrefour.es/hd_350x_/img_pim_food/949064_00_1.jpg", "precio_peso": "0,99 \u20ac/l", "precio": "0,99 \u20ac", "oferta": "", "supermercado": "Carrefour"},
{"query": "Batido l\u00e1cteo", "nombre": "", "imagen_src": "https://static.carrefour.es/hd_350x_/img_pim_food/686698_00_1.jpg", "precio_peso": "", "precio": "", "oferta": "", "supermercado": "Carrefour"},
{"query": "Batido l\u00e1cteo", "nombre": "", "imagen_src": "https://static.carrefour.es/hd_350x_/img_pim_food/551221_00_1.jpg", "precio_peso": "", "precio": "", "oferta": "", "supermercado": "Carrefour"},
],
[
{"query": "Callos de ternera", "nombre": "Callos a la madrilena De Nuestra Tierra 500 g", "imagen_src": "https://static.carrefour.es/hd_350x_/img_pim_food/446188_00_1.jpg", "precio_peso": "7,90 \u20ac/kg", "precio": "3,95 \u20ac", "oferta": "", "supermercado": "Carrefour"},
{"query": "Callos de ternera", "nombre": "Callos a la Madrilena Liberto de Pedro 500 g", "imagen_src": "https://static.carrefour.es/hd_350x_/img_pim_food/426449_00_1.jpg", "precio_peso": "6,90 \u20ac/kg", "precio": "3,45 \u20ac", "oferta": "", "supermercado": "Carrefour"},
],
[
{"query": "Cerdo lomo", "nombre": "Filete de lomo de cerdo Circulo de Calidad 500 g aprox", "imagen_src": "https://static.carrefour.es/hd_350x_/img_pim_food/677672_00_1.jpg", "precio_peso": "6,89 \u20ac/kg", "precio": "3,44 \u20ac", "oferta": "", "supermercado": "Carrefour"},
{"query": "Cerdo lomo", "nombre": "Cinta de lomo de cerdo Carrefour 1,2 kg aprox", "imagen_src": "https://static.carrefour.es/hd_350x_/img_pim_food/776334_00_1.jpg", "precio_peso": "3,95 \u20ac/kg", "precio": "4,74 \u20ac", "oferta": "", "supermercado": "Carrefour"},
{"query": "Cerdo lomo", "nombre": "Filetes de cinta de lomo de cerdo Carrefour 800 g aprox", "imagen_src": "https://static.carrefour.es/hd_350x_/img_pim_food/620851_00_1.jpg", "precio_peso": "5,88 \u20ac/kg", "precio": "4,70 \u20ac", "oferta": "", "supermercado": "Carrefour"},
{"query": "Cerdo lomo", "nombre": "Filete de cabeza de lomo de cerdo Carrefour 500 g aprox", "imagen_src": "https://static.carrefour.es/hd_350x_/img_pim_food/152237_00_1.jpg", "precio_peso": "5,25 \u20ac/kg", "precio": "2,62 \u20ac", "oferta": "", "supermercado": "Carrefour"},
{"query": "Cerdo lomo", "nombre": "", "imagen_src": "https://static.carrefour.es/hd_350x_/img_pim_food/679647_00_1.jpg", "precio_peso": "6,43 \u20ac/kg", "precio": "4,82 \u20ac", "oferta": "", "supermercado": "Carrefour"},
{"query": "Cerdo lomo", "nombre": "", "imagen_src": "https://static.carrefour.es/hd_350x_/img_pim_food/047330_00_1.jpg", "precio_peso": "4,50 \u20ac/kg", "precio": "2,47 \u20ac", "oferta": "", "supermercado": "Carrefour"},
],
[
{"query": "Queso Tetilla", "nombre": "Queso de tetilla Gallego D.O.P. Tetilla De Nuestra Tierra pieza de 850 g aprox", "imagen_src": "https://static.carrefour.es/hd_350x_/img_pim_food/671046_00_1.jpg", "precio_peso": "11,90 \u20ac/kg", "precio": "10,11 \u20ac", "oferta": "", "supermercado": "Carrefour"},
{"query": "Queso Tetilla", "nombre": "Queso Tetilla D.O.P. Central Lechera Gallega pieza 700 g", "imagen_src": "https://static.carrefour.es/hd_350x_/img_pim_food/682443_00_1.jpg", "precio_peso": "8,21 \u20ac/kg", "precio": "5,75 \u20ac", "oferta": "", "supermercado": "Carrefour"},
],
[
{"query": "Queso Castellano", "nombre": "Me Quedo Con La Cabra (castellano)", "imagen_src": "https://static.carrefour.es/hd_350x_/imagenes/products/97884/94695/520/9788494695520/imagenGrande1.jpg", "precio_peso": "", "precio": "12,84 \u20ac", "oferta": "", "supermercado": "Carrefour"},
],
[
{"query": "Queso de Arz\u00faa", "nombre": "Arzuaga Tinto Crianza 2019", "imagen_src": "https://static.carrefour.es/hd_350x_/img_pim_food/266916_00_2_Bodega.jpg", "precio_peso": "20,40 \u20ac/ud", "precio": "20,40 \u20ac", "oferta": "", "supermercado": "Carrefour"},
{"query": "Queso de Arz\u00faa", "nombre": "Arzuaga Ecologico Tinto Crianza 2017", "imagen_src": "https://static.carrefour.es/hd_350x_/img_pim_food/027859_00_2_Bodega.jpg", "precio_peso": "17,99 \u20ac/ud", "precio": "17,99 \u20ac", "oferta": "", "supermercado": "Carrefour"},
{"query": "Queso de Arz\u00faa", "nombre": "Arzuaga Reserva 2017", "imagen_src": "https://static.carrefour.es/hd_350x_/img_pim_food/687605_00_2_Bodega.jpg", "precio_peso": "35,90 \u20ac/ud", "precio": "35,90 \u20ac", "oferta": "", "supermercado": "Carrefour"},
{"query": "Queso de Arz\u00faa", "nombre": "Arzuaga Tinto Crianza 2019", "imagen_src": "https://static.carrefour.es/hd_350x_/img_pim_food/687603_00_2_Bodega.jpg", "precio_peso": "48,50 \u20ac/ud", "precio": "48,50 \u20ac", "oferta": "", "supermercado": "Carrefour"},
{"query": "Queso de Arz\u00faa", "nombre": "La Planta Tinto 2020", "imagen_src": "https://static.carrefour.es/hd_350x_/img_pim_food/646295_00_2_Bodega.jpg", "precio_peso": "8,95 \u20ac/ud", "precio": "8,95 \u20ac", "oferta": "", "supermercado": "Carrefour"},
{"query": "Queso de Arz\u00faa", "nombre": "Pago Florentino Tinto 2019", "imagen_src": "https://static.carrefour.es/hd_350x_/img_pim_food/018957_00_2_Bodega.jpg", "precio_peso": "12,29 \u20ac/ud", "precio": "12,29 \u20ac", "oferta": "", "supermercado": "Carrefour"},
],
[
{"query": "Queso Ibores", "nombre": "Juego Iberos A Pedra Das Meigas Para Pulir 6000 Grs Y Afinar 120 G Mango De Madera Prensada 21203", "imagen_src": "https://static.carrefour.es/hd_350x_/imagenes/products/84351/19810/073/8435119810073/imagenGrande1.jpg", "precio_peso": "", "precio": "32,50 \u20ac", "oferta": "", "supermercado": "Carrefour"},
{"query": "Queso Ibores", "nombre": "Iberos", "imagen_src": "https://static.carrefour.es/hd_350x_/imagenes/products/97884/41441/118/9788441441118/imagenGrande1.jpg", "precio_peso": "", "precio": "17,10 \u20ac", "oferta": "", "supermercado": "Carrefour"},
{"query": "Queso Ibores", "nombre": "Los Iberos", "imagen_src": "https://static.carrefour.es/hd_350x_/imagenes/products/97884/46037/729/9788446037729/imagenGrande1.jpg", "precio_peso": "", "precio": "7,60 \u20ac", "oferta": "", "supermercado": "Carrefour"},
{"query": "Queso Ibores", "nombre": "Los Iberos Y Su Mundo", "imagen_src": "https://static.carrefour.es/hd_350x_/imagenes/products/97884/46040/095/9788446040095/imagenGrande1.jpg", "precio_peso": "", "precio": "29,45 \u20ac", "oferta": "", "supermercado": "Carrefour"},
{"query": "Queso Ibores", "nombre": "El Corazon De Los Iberos", "imagen_src": "https://static.carrefour.es/hd_350x_/imagenes/products/97884/91424/765/9788491424765/imagenGrande1.jpg", "precio_peso": "", "precio": "11,35 \u20ac", "oferta": "", "supermercado": "Carrefour"},
{"query": "Queso Ibores", "nombre": "Salvachispas Chimenea 1pan 67x53cm H. Ibero Flor Lys Neoferr_ _", "imagen_src": "https://static.carrefour.es/hd_350x_/imagenes/products/84226/80010/353/8422680010353/imagenGrande1.jpg", "precio_peso": "", "precio": "42,95 \u20ac", "oferta": "", "supermercado": "Carrefour"},
],
[
{"query": "Queso Mah\u00f3n", "nombre": "Queso de Mahon-Menorca DOP De Nuestra Tierra cuna 300 g", "imagen_src": "https://static.carrefour.es/hd_350x_/img_pim_food/670971_00_1.jpg", "precio_peso": "23,45 \u20ac/kg", "precio": "7,03 \u20ac", "oferta": "", "supermercado": "Carrefour"},
],
[
{"query": "Queso Zamorano", "nombre": "Queso de oveja anejo D.O.P Zamorano De Nuestra Tierra 250 g", "imagen_src": "https://static.carrefour.es/hd_350x_/img_pim_food/682919_00_1.jpg", "precio_peso": "17,60 \u20ac/kg", "precio": "4,40 \u20ac", "oferta": "", "supermercado": "Carrefour"},
],
[
{"query": "Queso torta del casar", "nombre": "Queso Torta del Casar pequena D.O El Consorcio de Quesos 450 g aprox", "imagen_src": "https://static.carrefour.es/hd_350x_/img_pim_food/671005_00_1.jpg", "precio_peso": "31,90 \u20ac/kg", "precio": "14,35 \u20ac", "oferta": "", "supermercado": "Carrefour"},
{"query": "Queso torta del casar", "nombre": "Queso D.O.P. Torta del Casar mediana De Nuestra Tierra pieza 800 g", "imagen_src": "https://static.carrefour.es/hd_350x_/img_pim_food/671044_00_1.jpg", "precio_peso": "32,75 \u20ac/kg", "precio": "26,20 \u20ac", "oferta": "", "supermercado": "Carrefour"},
],
[
{"query": "Queso San Sim\u00f3n", "nombre": "Queso madurado Gallego D.O.P ahumado San simon Da Costa De Nuestra tierra pieza 1,1 Kg aprox", "imagen_src": "https://static.carrefour.es/hd_350x_/img_pim_food/671041_00_1.jpg", "precio_peso": "16,35 \u20ac/kg", "precio": "17,98 \u20ac", "oferta": "", "supermercado": "Carrefour"},
],
[
],
[
{"query": "Queso Raclette", "nombre": "Queso raclette natural Frances loncheado Iberconseil 200 g", "imagen_src": "https://static.carrefour.es/hd_350x_/img_pim_food/685443_00_1.jpg", "precio_peso": "20,75 \u20ac/kg", "precio": "4,15 \u20ac", "oferta": "", "supermercado": "Carrefour"},
{"query": "Queso Raclette", "nombre": "Raclette De Queso Cheese&grill 12000 Inox Black", "imagen_src": "https://static.carrefour.es/hd_350x_/imagenes/products/84354/84031/769/8435484031769/imagenGrande1.jpg", "precio_peso": "", "precio": "68,20 \u20ac", "oferta": "", "supermercado": "Carrefour"},
{"query": "Queso Raclette", "nombre": "Raclette De Queso Cheese&grill 12000 Inox Mixgrill", "imagen_src": "https://static.carrefour.es/hd_350x_/imagenes/products/84354/84031/776/8435484031776/imagenGrande1.jpg", "precio_peso": "", "precio": "69,90 \u20ac", "oferta": "", "supermercado": "Carrefour"},
],
[
{"query": "Tomate entero enlatado", "nombre": "Tomates enteros contenido bajo de sal Carrefour 240 g.", "imagen_src": "https://static.carrefour.es/hd_350x_/img_pim_food/813683_00_1.jpg", "precio_peso": "3,08 \u20ac/kg", "precio": "0,74 \u20ac", "oferta": "", "supermercado": "Carrefour"},
{"query": "Tomate entero enlatado", "nombre": "Tomate entero pelado ecologico Carrefour Bio 240 g.", "imagen_src": "https://static.carrefour.es/hd_350x_/img_pim_food/606778_00_1.jpg", "precio_peso": "4,12 \u20ac/kg", "precio": "0,99 \u20ac", "oferta": "", "supermercado": "Carrefour"},
{"query": "Tomate entero enlatado", "nombre": "Tomate Entero Pelado Al Natural 420gr. - A Rosaleira", "imagen_src": "https://static.carrefour.es/hd_350x_/imagenes/products/84278/02112/106/8427802112106/imagenGrande1.jpg", "precio_peso": "", "precio": "7,25 \u20ac", "oferta": "", "supermercado": "Carrefour"},
],
[
{"query": "Tomate triturado", "nombre": "Tomate triturado Carrefour lata de 390 g.", "imagen_src": "https://static.carrefour.es/hd_350x_/img_pim_food/245631_00_1.jpg", "precio_peso": "1,26 \u20ac/kg", "precio": "0,49 \u20ac", "oferta": "", "supermercado": "Carrefour"},
{"query": "Tomate triturado", "nombre": "Tomate triturado Carrefour 780 g.", "imagen_src": "https://static.carrefour.es/hd_350x_/img_pim_food/888527_00_1.jpg", "precio_peso": "0,92 \u20ac/kg", "precio": "0,72 \u20ac", "oferta": "", "supermercado": "Carrefour"},
{"query": "Tomate triturado", "nombre": "Tomate triturado Apis sin gluten 920 g.", "imagen_src": "https://static.carrefour.es/hd_350x_/img_pim_food/432454_00_1.jpg", "precio_peso": "1,93 \u20ac/kg", "precio": "1,78 \u20ac", "oferta": "", "supermercado": "Carrefour"},
{"query": "Tomate triturado", "nombre": "Tomate triturado Apis sin gluten 480 g.", "imagen_src": "https://static.carrefour.es/hd_350x_/img_pim_food/432453_00_1.jpg", "precio_peso": "2,35 \u20ac/kg", "precio": "1,13 \u20ac", "oferta": "", "supermercado": "Carrefour"},
{"query": "Tomate triturado", "nombre": "", "imagen_src": "https://static.carrefour.es/hd_350x_/img_pim_food/418350_00_1.jpg", "precio_peso": "", "precio": "1,50 \u20ac", "oferta": "", "supermercado": "Carrefour"},
{"query": "Tomate triturado", "nombre": "", "imagen_src": "https://static.carrefour.es/hd_350x_/img_pim_food/039210_00_1.jpg", "precio_peso": "", "precio": "1,15 \u20ac", "oferta": "", "supermercado": "Carrefour"},
],
[
{"query": "Boniato", "nombre": "Boniato ecologico 650 g", "imagen_src": "https://static.carrefour.es/hd_350x_/img_pim_food/945933_00_1.jpg", "precio_peso": "5,18 \u20ac/kg", "precio": "2,59 \u20ac", "oferta": "", "supermercado": "Carrefour"},
{"query": "Boniato", "nombre": "Cebolla dulce Carrefour 500 g", "imagen_src": "https://static.carrefour.es/hd_350x_/img_pim_food/795906_00_1.jpg", "precio_peso": "3,38 \u20ac/kg", "precio": "1,69 \u20ac", "oferta": "", "supermercado": "Carrefour"},
{"query": "Boniato", "nombre": "Cebolla dulce Circulo de Calidad 1 Kg", "imagen_src": "https://static.carrefour.es/hd_350x_/img_pim_food/429156_00_1.jpg", "precio_peso": "1,99 \u20ac/kg", "precio": "1,99 \u20ac", "oferta": "", "supermercado": "Carrefour"},
{"query": "Boniato", "nombre": "Cebolla dulce pelada Carrefour 500 g", "imagen_src": "https://static.carrefour.es/hd_350x_/img_pim_food/795921_00_1.jpg", "precio_peso": "5,10 \u20ac/kg", "precio": "2,55 \u20ac", "oferta": "", "supermercado": "Carrefour"},
],
[
{"query": "Berro", "nombre": "", "imagen_src": "https://static.carrefour.es/hd_350x_/imagenes/products/97884/82880/341/9788482880341/imagenGrande1.jpg", "precio_peso": "", "precio": "13,92 \u20ac", "oferta": "", "supermercado": "Carrefour"},
{"query": "Berro", "nombre": "Semillas De Berro De Agua", "imagen_src": "https://static.carrefour.es/hd_350x_/imagenes/products/84237/37085/539/8423737085539/imagenGrande1.jpg", "precio_peso": "", "precio": "1,27 \u20ac", "oferta": "", "supermercado": "Carrefour"},
{"query": "Berro", "nombre": "Rocalba Semilla Berro De Agua 500g", "imagen_src": "https://static.carrefour.es/hd_350x_/imagenes/products/84237/37106/777/8423737106777/imagenGrande1.jpg", "precio_peso": "", "precio": "259,95 \u20ac", "oferta": "", "supermercado": "Carrefour"},
{"query": "Berro", "nombre": "Rocalba Semilla Berro De Agua 025g", "imagen_src": "https://static.carrefour.es/hd_350x_/imagenes/products/84237/37108/405/8423737108405/imagenGrande1.jpg", "precio_peso": "", "precio": "14,90 \u20ac", "oferta": "", "supermercado": "Carrefour"},
{"query": "Berro", "nombre": "", "imagen_src": "https://static.carrefour.es/hd_350x_/imagenes/products/84237/37108/412/8423737108412/imagenGrande1.jpg", "precio_peso": "", "precio": "54,80 \u20ac", "oferta": "", "supermercado": "Carrefour"},
{"query": "Berro", "nombre": "", "imagen_src": "https://static.carrefour.es/hd_350x_/imagenes/products/31826/70276/583/3182670276583/imagenGrande1.jpg", "precio_peso": "", "precio": "2,40 \u20ac", "oferta": "", "supermercado": "Carrefour"},
],
[
{"query": "Achicoria", "nombre": "Achicoria expres El Arbol 500 g.", "imagen_src": "https://static.carrefour.es/hd_350x_/img_pim_food/039830_00_1.jpg", "precio_peso": "4,98 \u20ac/kg", "precio": "2,49 \u20ac", "oferta": "", "supermercado": "Carrefour"},
{"query": "Achicoria", "nombre": "Escarola rizada 1 ud", "imagen_src": "https://static.carrefour.es/hd_350x_/img_pim_food/050298_00_1.jpg", "precio_peso": "1,25 \u20ac/ud", "precio": "1,25 \u20ac", "oferta": "", "supermercado": "Carrefour"},
{"query": "Achicoria", "nombre": "Cafe soluble mezcla con achicoria Nestle 250 g.", "imagen_src": "https://static.carrefour.es/hd_350x_/img_pim_food/474028_00_1.jpg", "precio_peso": "26,12 \u20ac/kg", "precio": "6,79 \u20ac", "oferta": "", "supermercado": "Carrefour"},
{"query": "Achicoria", "nombre": "Semillas De Achicoria Radicheta Spadona", "imagen_src": "https://static.carrefour.es/hd_350x_/imagenes/products/84237/37099/994/8423737099994/imagenGrande1.jpg", "precio_peso": "", "precio": "1,50 \u20ac", "oferta": "", "supermercado": "Carrefour"},
{"query": "Achicoria", "nombre": "", "imagen_src": "https://static.carrefour.es/hd_350x_/imagenes/products/84237/37197/942/8423737197942/imagenGrande1.jpg", "precio_peso": "", "precio": "1,06 \u20ac", "oferta": "", "supermercado": "Carrefour"},
{"query": "Achicoria", "nombre": "", "imagen_src": "https://static.carrefour.es/hd_350x_/imagenes/products/84237/37002/536/8423737002536/imagenGrande1.jpg", "precio_peso": "", "precio": "13,35 \u20ac", "oferta": "", "supermercado": "Carrefour"},
],
[
{"query": "Anguila", "nombre": "Silda, La Anguila Electrica", "imagen_src": "https://static.carrefour.es/hd_350x_/imagenes/products/97884/08192/435/9788408192435/imagenGrande1.jpg", "precio_peso": "", "precio": "7,55 \u20ac", "oferta": "", "supermercado": "Carrefour"},
{"query": "Anguila", "nombre": "La Anguila", "imagen_src": "https://static.carrefour.es/hd_350x_/imagenes/products/97884/33999/214/9788433999214/imagenGrande1.jpg", "precio_peso": "", "precio": "17 \u20ac", "oferta": "", "supermercado": "Carrefour"},
{"query": "Anguila", "nombre": "La Travesia De Las Anguilas", "imagen_src": "https://static.carrefour.es/hd_350x_/imagenes/products/97884/17971/434/9788417971434/imagenGrande1.jpg", "precio_peso": "", "precio": "14,73 \u20ac", "oferta": "", "supermercado": "Carrefour"},
{"query": "Anguila", "nombre": "El Evangelio De Las Anguilas", "imagen_src": "https://static.carrefour.es/hd_350x_/imagenes/products/97884/17977/412/9788417977412/imagenGrande1.jpg", "precio_peso": "", "precio": "18,95 \u20ac", "oferta": "", "supermercado": "Carrefour"},
{"query": "Anguila", "nombre": "", "imagen_src": "https://static.carrefour.es/hd_350x_/imagenes/products/97884/18017/353/9788418017353/imagenGrande1.jpg", "precio_peso": "", "precio": "", "oferta": "", "supermercado": "Carrefour"},
],
[
{"query": "Apio", "nombre": "Apio blanco 500 g", "imagen_src": "https://static.carrefour.es/hd_350x_/img_pim_food/175861_00_1.jpg", "precio_peso": "2,98 \u20ac/kg", "precio": "1,49 \u20ac", "oferta": "", "supermercado": "Carrefour"},
{"query": "Apio", "nombre": "Apio verde manojo de 1 Kg", "imagen_src": "https://static.carrefour.es/hd_350x_/img_pim_food/050289_00_1.jpg", "precio_peso": "1,90 \u20ac/kg", "precio": "1,90 \u20ac", "oferta": "", "supermercado": "Carrefour"},
{"query": "Apio", "nombre": "Apio verde ecologico Carrefour Bio 400 g", "imagen_src": "https://static.carrefour.es/hd_350x_/img_pim_food/362628_00_1.jpg", "precio_peso": "4,47 \u20ac/kg", "precio": "1,79 \u20ac", "oferta": "", "supermercado": "Carrefour"},
{"query": "Apio", "nombre": "Apio en tiras Classic Carrefour, 250 g.", "imagen_src": "https://static.carrefour.es/hd_350x_/img_pim_food/705379_00_1.jpg", "precio_peso": "5,80 \u20ac/kg", "precio": "1,45 \u20ac", "oferta": "", "supermercado": "Carrefour"},
{"query": "Apio", "nombre": "", "imagen_src": "https://static.carrefour.es/hd_350x_/imagenes/products/84237/37001/584/8423737001584/imagenGrande1.jpg", "precio_peso": "", "precio": "", "oferta": "", "supermercado": "Carrefour"},
{"query": "Apio", "nombre": "", "imagen_src": "https://static.carrefour.es/hd_350x_/imagenes/products/84237/37008/088/8423737008088/imagenGrande1.jpg", "precio_peso": "", "precio": "", "oferta": "", "supermercado": "Carrefour"},
],
[
{"query": "Arenque", "nombre": "Huevas de arenque Avruga 55 g.", "imagen_src": "https://static.carrefour.es/hd_350x_/img_pim_food/154240_00_1.jpg", "precio_peso": "58 \u20ac/kg", "precio": "3,19 \u20ac", "oferta": "", "supermercado": "Carrefour"},
{"query": "Arenque", "nombre": "Trixie Arenques Secos, Naturales 200 G", "imagen_src": "https://static.carrefour.es/hd_350x_/imagenes/products/40119/05027/999/4011905027999/imagenGrande1.jpg", "precio_peso": "", "precio": "4,48 \u20ac", "oferta": "", "supermercado": "Carrefour"},
{"query": "Arenque", "nombre": "Calibra Cat Gf Verve Adult Arenques 3,5kg", "imagen_src": "https://static.carrefour.es/hd_350x_/imagenes/products/85940/62087/281/8594062087281/imagenGrande1.jpg", "precio_peso": "", "precio": "47 \u20ac", "oferta": "", "supermercado": "Carrefour"},
{"query": "Arenque", "nombre": "Calibra Cat Gf Verve Adult Arenques 750gr", "imagen_src": "https://static.carrefour.es/hd_350x_/imagenes/products/85940/62087/298/8594062087298/imagenGrande1.jpg", "precio_peso": "", "precio": "13,55 \u20ac", "oferta": "", "supermercado": "Carrefour"},
{"query": "Arenque", "nombre": "", "imagen_src": "https://static.carrefour.es/hd_350x_/imagenes/products/85940/62087/434/8594062087434/imagenGrande1.jpg", "precio_peso": "", "precio": "46,13 \u20ac", "oferta": "", "supermercado": "Carrefour"},
{"query": "Arenque", "nombre": "", "imagen_src": "https://static.carrefour.es/hd_350x_/imagenes/products/85940/62087/441/8594062087441/imagenGrande1.jpg", "precio_peso": "", "precio": "13,80 \u20ac", "oferta": "", "supermercado": "Carrefour"},
],
[
{"query": "At\u00fan", "nombre": "Atun claro en aceite de oliva Carrefour pack de 8 latas de 52 g.", "imagen_src": "https://static.carrefour.es/hd_350x_/img_pim_food/251204_00_1.jpg", "precio_peso": "13,70 \u20ac/kg", "precio": "5,70 \u20ac", "oferta": "", "supermercado": "Carrefour"},
{"query": "At\u00fan", "nombre": "Atun en aceite de girasol pack de 6 latas de 52 g.", "imagen_src": "https://static.carrefour.es/hd_350x_/img_pim_food/827717_00_1.jpg", "precio_peso": "9,58 \u20ac/kg", "precio": "2,99 \u20ac", "oferta": "", "supermercado": "Carrefour"},
{"query": "At\u00fan", "nombre": "Atun en aceite de girasol 650 g.", "imagen_src": "https://static.carrefour.es/hd_350x_/img_pim_food/232191_00_1.jpg", "precio_peso": "9,77 \u20ac/kg", "precio": "6,35 \u20ac", "oferta": "", "supermercado": "Carrefour"},
{"query": "At\u00fan", "nombre": "Atun claro al natural Carrefour pack de 6 latas de 56 g.", "imagen_src": "https://static.carrefour.es/hd_350x_/img_pim_food/841527_00_1.jpg", "precio_peso": "12,80 \u20ac/kg", "precio": "4,30 \u20ac", "oferta": "", "supermercado": "Carrefour"},
{"query": "At\u00fan", "nombre": "", "imagen_src": "https://static.carrefour.es/hd_350x_/img_pim_food/028289_00_1.jpg", "precio_peso": "", "precio": "3,87 \u20ac", "oferta": "", "supermercado": "Carrefour"},
{"query": "At\u00fan", "nombre": "", "imagen_src": "https://static.carrefour.es/hd_350x_/img_pim_food/442010_00_1.jpg", "precio_peso": "", "precio": "6,19 \u20ac", "oferta": "", "supermercado": "Carrefour"},
],
[
{"query": "Lata At\u00fan", "nombre": "Atun claro en aceite de oliva Carrefour pack de 8 latas de 52 g.", "imagen_src": "https://static.carrefour.es/hd_350x_/img_pim_food/251204_00_1.jpg", "precio_peso": "13,70 \u20ac/kg", "precio": "5,70 \u20ac", "oferta": "", "supermercado": "Carrefour"},
{"query": "Lata At\u00fan", "nombre": "Atun en aceite de girasol pack de 6 latas de 52 g.", "imagen_src": "https://static.carrefour.es/hd_350x_/img_pim_food/827717_00_1.jpg", "precio_peso": "9,58 \u20ac/kg", "precio": "2,99 \u20ac", "oferta": "", "supermercado": "Carrefour"},
{"query": "Lata At\u00fan", "nombre": "Atun claro al natural Carrefour pack de 6 latas de 56 g.", "imagen_src": "https://static.carrefour.es/hd_350x_/img_pim_food/841527_00_1.jpg", "precio_peso": "12,80 \u20ac/kg", "precio": "4,30 \u20ac", "oferta": "", "supermercado": "Carrefour"},
{"query": "Lata At\u00fan", "nombre": "Atun en aceite de oliva pack de 6 latas de 52 g.", "imagen_src": "https://static.carrefour.es/hd_350x_/img_pim_food/028289_00_1.jpg", "precio_peso": "12,40 \u20ac/kg", "precio": "3,87 \u20ac", "oferta": "", "supermercado": "Carrefour"},
{"query": "Lata At\u00fan", "nombre": "", "imagen_src": "https://static.carrefour.es/hd_350x_/img_pim_food/659085_00_1.jpg", "precio_peso": "", "precio": "", "oferta": "", "supermercado": "Carrefour"},
{"query": "Lata At\u00fan", "nombre": "", "imagen_src": "https://static.carrefour.es/hd_350x_/img_pim_food/251199_00_1.jpg", "precio_peso": "", "precio": "5,85 \u20ac", "oferta": "", "supermercado": "Carrefour"},
],
[
],
[
{"query": "Bacalao", "nombre": "Filete de bacalao procedente de pesca sostenible al punto de sal ultracongelado Carrefour 400 g.", "imagen_src": "https://static.carrefour.es/hd_350x_/img_pim_food/302943_00_1.jpg", "precio_peso": "12,97 \u20ac/kg", "precio": "5,19 \u20ac", "oferta": "", "supermercado": "Carrefour"},
{"query": "Bacalao", "nombre": "Bacalao desalado desmigado Carrefour 250 g.", "imagen_src": "https://static.carrefour.es/hd_350x_/img_pim_food/965241_00_1.jpg", "precio_peso": "15 \u20ac/kg", "precio": "3,75 \u20ac", "oferta": "", "supermercado": "Carrefour"},
{"query": "Bacalao", "nombre": "Filete de bacalao NorayNorth 400 g.", "imagen_src": "https://static.carrefour.es/hd_350x_/img_pim_food/542115_00_1.jpg", "precio_peso": "10,37 \u20ac/kg", "precio": "4,15 \u20ac", "oferta": "", "supermercado": "Carrefour"},
{"query": "Bacalao", "nombre": "Bacalao troceado congelado 400 g", "imagen_src": "https://static.carrefour.es/hd_350x_/img_pim_food/451225_00_1.jpg", "precio_peso": "9,87 \u20ac/kg", "precio": "3,95 \u20ac", "oferta": "", "supermercado": "Carrefour"},
{"query": "Bacalao", "nombre": "", "imagen_src": "https://static.carrefour.es/hd_350x_/img_pim_food/075453_00_1.jpg", "precio_peso": "", "precio": "", "oferta": "", "supermercado": "Carrefour"},
{"query": "Bacalao", "nombre": "", "imagen_src": "https://static.carrefour.es/hd_350x_/img_pim_food/708300_00_1.jpg", "precio_peso": "", "precio": "", "oferta": "", "supermercado": "Carrefour"},
],
[
{"query": "Aceite de algod\u00f3n", "nombre": "Aceite de oliva suave 0,4o Carrefour 1 l.", "imagen_src": "https://static.carrefour.es/hd_350x_/img_pim_food/128215_00_1.jpg", "precio_peso": "3,89 \u20ac/l", "precio": "3,89 \u20ac", "oferta": "", "supermercado": "Carrefour"},
{"query": "Aceite de algod\u00f3n", "nombre": "Aceite de oliva suave 0,4o La Espanola 1 l.", "imagen_src": "https://static.carrefour.es/hd_350x_/img_pim_food/002895_00_1.jpg", "precio_peso": "5,89 \u20ac/l", "precio": "5,89 \u20ac", "oferta": "", "supermercado": "Carrefour"},
{"query": "Aceite de algod\u00f3n", "nombre": "Aceite de oliva suave 0,4o La Masia garrafa 5 l.", "imagen_src": "https://static.carrefour.es/hd_350x_/img_pim_food/043143_00_1.jpg", "precio_peso": "3,79 \u20ac/l", "precio": "18,95 \u20ac", "oferta": "", "supermercado": "Carrefour"},
{"query": "Aceite de algod\u00f3n", "nombre": "Aceite de oliva suave 0,4o Carbonell 1 l.", "imagen_src": "https://static.carrefour.es/hd_350x_/img_pim_food/000013_00_1.jpg", "precio_peso": "5,99 \u20ac/l", "precio": "5,99 \u20ac", "oferta": "", "supermercado": "Carrefour"},
{"query": "Aceite de algod\u00f3n", "nombre": "", "imagen_src": "https://static.carrefour.es/hd_350x_/img_pim_food/969320_00_1.jpg", "precio_peso": "11,95 \u20ac/l", "precio": "11,95 \u20ac", "oferta": "", "supermercado": "Carrefour"},
{"query": "Aceite de algod\u00f3n", "nombre": "", "imagen_src": "https://static.carrefour.es/hd_350x_/img_pim_food/035386_00_1.jpg", "precio_peso": "4,59 \u20ac/l", "precio": "4,59 \u20ac", "oferta": "", "supermercado": "Carrefour"},
],
[
{"query": "Aceite de cacahuete", "nombre": "Chocolate con leche relleno con crema de cacahuete Conguitos Cups sin gluten y sin aceite de palma 102 g.", "imagen_src": "https://static.carrefour.es/hd_350x_/img_pim_food/721561_00_1.jpg", "precio_peso": "25,39 \u20ac/kg", "precio": "2,59 \u20ac", "oferta": "", "supermercado": "Carrefour"},
{"query": "Aceite de cacahuete", "nombre": "Barritas de chocolate con leche, barquillo y crema de cacahuete Conguitos sin aceite de palma 5 ud.", "imagen_src": "https://static.carrefour.es/hd_350x_/img_pim_food/287560_00_1.jpg", "precio_peso": "19,04 \u20ac/kg", "precio": "2,19 \u20ac", "oferta": "", "supermercado": "Carrefour"},
{"query": "Aceite de cacahuete", "nombre": "Cacahuete cubierto de chocolate blanco y negro Lacasa sin gluten y sin aceite de palma 450 g.", "imagen_src": "https://static.carrefour.es/hd_350x_/img_pim_food/882539_00_1.jpg", "precio_peso": "9,22 \u20ac/kg", "precio": "4,15 \u20ac", "oferta": "", "supermercado": "Carrefour"},
{"query": "Aceite de cacahuete", "nombre": "Crema de avellanas original Nocilla sin gluten y sin aceite de palma 360 g.", "imagen_src": "https://static.carrefour.es/hd_350x_/img_pim_food/061269_00_1.jpg", "precio_peso": "8,31 \u20ac/kg", "precio": "2,99 \u20ac", "oferta": "", "supermercado": "Carrefour"},
{"query": "Aceite de cacahuete", "nombre": "", "imagen_src": "https://static.carrefour.es/hd_350x_/img_pim_food/429177_00_1.jpg", "precio_peso": "", "precio": "", "oferta": "", "supermercado": "Carrefour"},
{"query": "Aceite de cacahuete", "nombre": "", "imagen_src": "https://static.carrefour.es/hd_350x_/img_pim_food/061584_00_1.jpg", "precio_peso": "", "precio": "", "oferta": "", "supermercado": "Carrefour"},
],
[
{"query": "Aceite de coco", "nombre": "Aceite de coco La Masia 375 ml.", "imagen_src": "https://static.carrefour.es/hd_350x_/img_pim_food/122470_00_1.jpg", "precio_peso": "9,84 \u20ac/l", "precio": "3,69 \u20ac", "oferta": "", "supermercado": "Carrefour"},
{"query": "Aceite de coco", "nombre": "Aceite de coco ecologico Carrefour Bio 460 ml.", "imagen_src": "https://static.carrefour.es/hd_350x_/img_pim_food/509896_00_1.jpg", "precio_peso": "11,78 \u20ac/l", "precio": "5,42 \u20ac", "oferta": "", "supermercado": "Carrefour"},
{"query": "Aceite de coco", "nombre": "Aceite de coco ecologico La Masia tarro 430 ml.", "imagen_src": "https://static.carrefour.es/hd_350x_/img_pim_food/119570_00_1.jpg", "precio_peso": "16,40 \u20ac/l", "precio": "7,05 \u20ac", "oferta": "", "supermercado": "Carrefour"},
{"query": "Aceite de coco", "nombre": "Gel aceite de coco Essentials Hipoalergenico Mussvital pack de 3 unidades de 750 ml.", "imagen_src": "https://static.carrefour.es/hd_350x_/img_pim_food/100683_00_1.jpg", "precio_peso": "0,35 \u20ac/100ml", "precio": "7,89 \u20ac", "oferta": "", "supermercado": "Carrefour"},
{"query": "Aceite de coco", "nombre": "", "imagen_src": "https://static.carrefour.es/hd_350x_/img_pim_food/100644_00_1.jpg", "precio_peso": "", "precio": "3,25 \u20ac", "oferta": "", "supermercado": "Carrefour"},
{"query": "Aceite de coco", "nombre": "", "imagen_src": "https://static.carrefour.es/hd_350x_/imagenes/products/50563/29502/263/5056329502263/imagenGrande1.jpg", "precio_peso": "", "precio": "14,89 \u20ac", "oferta": "", "supermercado": "Carrefour"},
],
[
{"query": "Aceite de germen de trigo", "nombre": "Labiatae Aceite De Germen De Trigo 30 Ml", "imagen_src": "https://static.carrefour.es/hd_350x_/imagenes/products/84146/06417/407/8414606417407/imagenGrande1.jpg", "precio_peso": "", "precio": "8,08 \u20ac", "oferta": "", "supermercado": "Carrefour"},
{"query": "Aceite de germen de trigo", "nombre": "Aceite corporal esenciales argan & germen de trigo e hidrata y nutre para cara, cabello y cuerpo Les Cosmetiques 30 ml.", "imagen_src": "https://static.carrefour.es/hd_350x_/img_pim_food/568068_00_1.jpg", "precio_peso": "16,50 \u20ac/100ml", "precio": "4,95 \u20ac", "oferta": "", "supermercado": "Carrefour"},
{"query": "Aceite de germen de trigo", "nombre": "A.vogel Aceite Germen Trigo 120 Perlas", "imagen_src": "https://static.carrefour.es/hd_350x_/imagenes/products/76103/13413/775/7610313413775/imagenGrande1.jpg", "precio_peso": "", "precio": "16,89 \u20ac", "oferta": "", "supermercado": "Carrefour"},
{"query": "Aceite de germen de trigo", "nombre": "Radhe Aceite Germen Trigo 200 Ml", "imagen_src": "https://static.carrefour.es/hd_350x_/imagenes/products/84236/45251/057/8423645251057/imagenGrande1.jpg", "precio_peso": "", "precio": "12,50 \u20ac", "oferta": "", "supermercado": "Carrefour"},
],
[
{"query": "Aceite de nuez", "nombre": "Naturgreen Aceite De Nuez", "imagen_src": "https://static.carrefour.es/hd_350x_/imagenes/products/84370/11502/216/8437011502216/imagenGrande1.jpg", "precio_peso": "", "precio": "13,39 \u20ac", "oferta": "", "supermercado": "Carrefour"},
{"query": "Aceite de nuez", "nombre": "Tratamiento hidratacion con aceite de nuez de macadamia para cabello seco 3 Minute Miracle Moisture Aussie 250 ml.", "imagen_src": "https://static.carrefour.es/hd_350x_/img_pim_food/419110_00_1.jpg", "precio_peso": "2,56 \u20ac/100ml", "precio": "6,39 \u20ac", "oferta": "", "supermercado": "Carrefour"},
{"query": "Aceite de nuez", "nombre": "Champu hidratacion con aceite de nuez de macadamia para cabello seco Hydrate Miracle Aussie 300 ml.", "imagen_src": "https://static.carrefour.es/hd_350x_/img_pim_food/419115_00_1.jpg", "precio_peso": "1,75 \u20ac/100ml", "precio": "5,25 \u20ac", "oferta": "", "supermercado": "Carrefour"},
],
[
{"query": "Aceite de palma", "nombre": "Tortillas de trigo integral Carrefour Sensation sin aceite de palma 10 ud.", "imagen_src": "https://static.carrefour.es/hd_350x_/img_pim_food/696543_00_1.jpg", "precio_peso": "4,25 \u20ac/kg", "precio": "1,70 \u20ac", "oferta": "", "supermercado": "Carrefour"},
{"query": "Aceite de palma", "nombre": "Wraps tortillas de trigo Carrefour Sensation sin aceite de palma 6 ud.", "imagen_src": "https://static.carrefour.es/hd_350x_/img_pim_food/696610_00_1.jpg", "precio_peso": "4,19 \u20ac/kg", "precio": "1,55 \u20ac", "oferta": "", "supermercado": "Carrefour"},
{"query": "Aceite de palma", "nombre": "Tortillas de trigo y maiz Carrefour Sensation sin aceite de palma 10 ud.", "imagen_src": "https://static.carrefour.es/hd_350x_/img_pim_food/696552_00_1.jpg", "precio_peso": "4,52 \u20ac/kg", "precio": "1,81 \u20ac", "oferta": "", "supermercado": "Carrefour"},
{"query": "Aceite de palma", "nombre": "Mini tortillas de trigo Carrefour Sensation sin aceite de palma 12 ud.", "imagen_src": "https://static.carrefour.es/hd_350x_/img_pim_food/696526_00_1.jpg", "precio_peso": "5,67 \u20ac/kg", "precio": "1,70 \u20ac", "oferta": "", "supermercado": "Carrefour"},
{"query": "Aceite de palma", "nombre": "", "imagen_src": "https://static.carrefour.es/hd_350x_/img_pim_food/351043_00_1.jpg", "precio_peso": "", "precio": "2,05 \u20ac", "oferta": "", "supermercado": "Carrefour"},
{"query": "Aceite de palma", "nombre": "", "imagen_src": "https://static.carrefour.es/hd_350x_/img_pim_food/870448_00_1.jpg", "precio_peso": "", "precio": "1,06 \u20ac", "oferta": "", "supermercado": "Carrefour"},
],
[
{"query": "Aceite de s\u00e9samo", "nombre": "", "imagen_src": "https://static.carrefour.es/hd_350x_/img_pim_food/122427_00_1.jpg", "precio_peso": "13,56 \u20ac/l", "precio": "3,39 \u20ac", "oferta": "", "supermercado": "Carrefour"},
{"query": "Aceite de s\u00e9samo", "nombre": "Naturgreen Aceite De Sesamo", "imagen_src": "https://static.carrefour.es/hd_350x_/imagenes/products/84370/11502/261/8437011502261/imagenGrande1.jpg", "precio_peso": "", "precio": "8 \u20ac", "oferta": "", "supermercado": "Carrefour"},
{"query": "Aceite de s\u00e9samo", "nombre": "Naturgreen Aceite De Sesamo", "imagen_src": "https://static.carrefour.es/hd_350x_/imagenes/products/84370/11502/278/8437011502278/imagenGrande1.jpg", "precio_peso": "", "precio": "4,50 \u20ac", "oferta": "", "supermercado": "Carrefour"},
{"query": "Aceite de s\u00e9samo", "nombre": "Reganas con sesamo y aceite de oliva virgen extra Carrefour sin lactosa 250 g.", "imagen_src": "https://static.carrefour.es/hd_350x_/img_pim_food/046201_00_1.jpg", "precio_peso": "3,40 \u20ac/kg", "precio": "0,85 \u20ac", "oferta": "", "supermercado": "Carrefour"},
{"query": "Aceite de s\u00e9samo", "nombre": "", "imagen_src": "https://static.carrefour.es/hd_350x_/imagenes/products/84365/42192/637/8436542192637/imagenGrande1.jpg", "precio_peso": "", "precio": "", "oferta": "", "supermercado": "Carrefour"},
{"query": "Aceite de s\u00e9samo", "nombre": "", "imagen_src": "https://static.carrefour.es/hd_350x_/imagenes/products/84365/42196/833/8436542196833/imagenGrande1.jpg", "precio_peso": "", "precio": "", "oferta": "", "supermercado": "Carrefour"},
],
[
{"query": "Aceite de colza", "nombre": "Grasera Acero Inoxidable Para Carne, Aceitera Aceite Usado 0,5 Lts. Con Colador Y Tapa, Recipiente Reciclaje Aceite Usado Carne", "imagen_src": "https://static.carrefour.es/hd_350x_/imagenes/products/84354/50442/490/8435450442490/imagenGrande1.jpg", "precio_peso": "", "precio": "7,37 \u20ac", "oferta": "", "supermercado": "Carrefour"},
{"query": "Aceite de colza", "nombre": "Grasera Acero Inoxidable Para Carne, Aceitera Aceite Usado 1,0 Lts. Con Colador Y Tapa, Recipiente Reciclaje Aceite Usado Carne", "imagen_src": "https://static.carrefour.es/hd_350x_/imagenes/products/84354/50442/513/8435450442513/imagenGrande1.jpg", "precio_peso": "", "precio": "8,82 \u20ac", "oferta": "", "supermercado": "Carrefour"},
{"query": "Aceite de colza", "nombre": "Grasera Acero Inoxidable Para Pescado Aceitera Aceite Usado 0,5 L. Con Colador Y Tapa, Recipiente Reciclaje Aceite Usado Pescado", "imagen_src": "https://static.carrefour.es/hd_350x_/imagenes/products/84354/50442/506/8435450442506/imagenGrande1.jpg", "precio_peso": "", "precio": "7,37 \u20ac", "oferta": "", "supermercado": "Carrefour"},
{"query": "Aceite de colza", "nombre": "Grasera Acero Inoxidable Para Pescado Aceitera Aceite Usado 1,0 L. Con Colador Y Tapa, Recipiente Reciclaje Aceite Usado Pescado", "imagen_src": "https://static.carrefour.es/hd_350x_/imagenes/products/84354/50442/520/8435450442520/imagenGrande1.jpg", "precio_peso": "", "precio": "8,82 \u20ac", "oferta": "", "supermercado": "Carrefour"},
],
[
{"query": "Aceite de h\u00edgado de bacalao", "nombre": "", "imagen_src": "https://static.carrefour.es/hd_350x_/imagenes/products/50603/26273/316/5060326273316/imagenGrande1.jpg", "precio_peso": "", "precio": "13,90 \u20ac", "oferta": "", "supermercado": "Carrefour"},
{"query": "Aceite de h\u00edgado de bacalao", "nombre": "Aceite De Higado De Bacalao Ana Maria Lajusticia, 90 Perlas", "imagen_src": "https://static.carrefour.es/hd_350x_/imagenes/products/84360/00680/263/8436000680263/imagenGrande1.jpg", "precio_peso": "", "precio": "9,76 \u20ac", "oferta": "", "supermercado": "Carrefour"},
{"query": "Aceite de h\u00edgado de bacalao", "nombre": "Naturmil Aceite De Higado De Bacalao Plus 500 Ml", "imagen_src": "https://static.carrefour.es/hd_350x_/imagenes/products/56054/81203/022/5605481203022/imagenGrande1.jpg", "precio_peso": "", "precio": "19,90 \u20ac", "oferta": "", "supermercado": "Carrefour"},
{"query": "Aceite de h\u00edgado de bacalao", "nombre": "Higado de bacalao ahumado en su propio aceite Ubago 115 g.", "imagen_src": "https://static.carrefour.es/hd_350x_/img_pim_food/047548_00_1.jpg", "precio_peso": "32,09 \u20ac/kg", "precio": "3,69 \u20ac", "oferta": "", "supermercado": "Carrefour"},
{"query": "Aceite de h\u00edgado de bacalao", "nombre": "", "imagen_src": "https://static.carrefour.es/hd_350x_/imagenes/products/56054/81507/120/5605481507120/imagenGrande1.jpg", "precio_peso": "", "precio": "9,78 \u20ac", "oferta": "", "supermercado": "Carrefour"},
{"query": "Aceite de h\u00edgado de bacalao", "nombre": "", "imagen_src": "https://static.carrefour.es/hd_350x_/imagenes/products/84360/03027/225/8436003027225/imagenGrande1.jpg", "precio_peso": "", "precio": "17,34 \u20ac", "oferta": "", "supermercado": "Carrefour"},
],
[
{"query": "Mantequilla salada", "nombre": "Mantequilla facil de untar ligeramente salada Lurpak 200 g.", "imagen_src": "https://static.carrefour.es/hd_350x_/img_pim_food/747323_00_1.jpg", "precio_peso": "18,75 \u20ac/kg", "precio": "3,75 \u20ac", "oferta": "", "supermercado": "Carrefour"},
{"query": "Mantequilla salada", "nombre": "Barrita Proteica Caramelo Mantequilla Salada - Display De 24 Barritas", "imagen_src": "https://static.carrefour.es/hd_350x_/imagenes/products/35186/81012/467/3518681012467/imagenGrande1.jpg", "precio_peso": "", "precio": "77,45 \u20ac", "oferta": "", "supermercado": "Carrefour"},
],
[
{"query": "Huevo de codorniz", "nombre": "Tijeras para Huevos de Codorniz FACKELMANN 14 cm", "imagen_src": "https://static.carrefour.es/hd_350x_/crs/cdn_static/catalog/hd/742005_00_1.jpg", "precio_peso": "", "precio": "6,49 \u20ac", "oferta": "", "supermercado": "Carrefour"},
{"query": "Huevo de codorniz", "nombre": "Tijera Abrir Huevos Codorniz - Ibili - 768200..", "imagen_src": "https://static.carrefour.es/hd_350x_/imagenes/products/84119/22441/062/8411922441062/imagenGrande1.jpg", "precio_peso": "", "precio": "6,55 \u20ac", "oferta": "", "supermercado": "Carrefour"},
],
[
{"query": "Huevo de gallina", "nombre": "Huevos L de gallina de suelo Dagu 12 ud.", "imagen_src": "https://static.carrefour.es/hd_350x_/img_pim_food/331214_00_1.jpg", "precio_peso": "2,52 \u20ac/docena", "precio": "2,52 \u20ac", "oferta": "", "supermercado": "Carrefour"},
{"query": "Huevo de gallina", "nombre": "Huevos M de gallina de suelo Dagu 12 ud.", "imagen_src": "https://static.carrefour.es/hd_350x_/img_pim_food/331215_00_1.jpg", "precio_peso": "2,29 \u20ac/docena", "precio": "2,29 \u20ac", "oferta": "", "supermercado": "Carrefour"},
{"query": "Huevo de gallina", "nombre": "Huevos L camperos Calidad y Origen Carrefour 12 ud.", "imagen_src": "https://static.carrefour.es/hd_350x_/img_pim_food/055278_00_1.jpg", "precio_peso": "3,15 \u20ac/docena", "precio": "3,15 \u20ac", "oferta": "", "supermercado": "Carrefour"},
{"query": "Huevo de gallina", "nombre": "Huevos L morenos Carreofur 12 ud.", "imagen_src": "https://static.carrefour.es/hd_350x_/img_pim_food/231388_00_1.jpg", "precio_peso": "2,15 \u20ac/docena", "precio": "2,15 \u20ac", "oferta": "", "supermercado": "Carrefour"},
{"query": "Huevo de gallina", "nombre": "", "imagen_src": "https://static.carrefour.es/hd_350x_/img_pim_food/151112_00_1.jpg", "precio_peso": "3,58 \u20ac/docena", "precio": "1,79 \u20ac", "oferta": "", "supermercado": "Carrefour"},
{"query": "Huevo de gallina", "nombre": "", "imagen_src": "https://static.carrefour.es/hd_350x_/img_pim_food/864411_00_1.jpg", "precio_peso": "4,58 \u20ac/docena", "precio": "2,29 \u20ac", "oferta": "", "supermercado": "Carrefour"},
],
[
],
[
{"query": "Barra chocolate", "nombre": "La Barra De Chocolate Keto - Caja De 4 Barras", "imagen_src": "https://static.carrefour.es/hd_350x_/imagenes/products/35186/81012/740/3518681012740/imagenGrande1.jpg", "precio_peso": "", "precio": "34,74 \u20ac", "oferta": "", "supermercado": "Carrefour"},
{"query": "Barra chocolate", "nombre": "La Barra Fit Vegana Chocolate/almendra - Caja De 6 Barras", "imagen_src": "https://static.carrefour.es/hd_350x_/imagenes/products/35186/81012/009/3518681012009/imagenGrande1.jpg", "precio_peso": "", "precio": "31,75 \u20ac", "oferta": "", "supermercado": "Carrefour"},
],
[
{"query": "Barrita cereales", "nombre": "Barritas de cereales con chocolate con leche y coco Carrefour 6 unidades de 20,83 g.", "imagen_src": "https://static.carrefour.es/hd_350x_/img_pim_food/841945_00_1.jpg", "precio_peso": "7,92 \u20ac/kg", "precio": "0,99 \u20ac", "oferta": "", "supermercado": "Carrefour"},
{"query": "Barrita cereales", "nombre": "Barritas de cereales con frutos rojos Carrefour 126 g.", "imagen_src": "https://static.carrefour.es/hd_350x_/img_pim_food/284376_00_1.jpg", "precio_peso": "11,59 \u20ac/kg", "precio": "1,46 \u20ac", "oferta": "", "supermercado": "Carrefour"},
{"query": "Barrita cereales", "nombre": "Barrita de avena y chocolate con leche Flapjack Just Loading 60 g.", "imagen_src": "https://static.carrefour.es/hd_350x_/img_pim_food/224256_00_1.jpg", "precio_peso": "25,33 \u20ac/kg", "precio": "1,52 \u20ac", "oferta": "", "supermercado": "Carrefour"},
{"query": "Barrita cereales", "nombre": "Barritas de cereales con avellana Carrefour 125 g.", "imagen_src": "https://static.carrefour.es/hd_350x_/img_pim_food/470365_00_1.jpg", "precio_peso": "7,92 \u20ac/kg", "precio": "0,99 \u20ac", "oferta": "", "supermercado": "Carrefour"},
{"query": "Barrita cereales", "nombre": "", "imagen_src": "https://static.carrefour.es/hd_350x_/img_pim_food/912952_00_1.jpg", "precio_peso": "", "precio": "1,05 \u20ac", "oferta": "", "supermercado": "Carrefour"},
{"query": "Barrita cereales", "nombre": "", "imagen_src": "https://static.carrefour.es/hd_350x_/img_pim_food/465591_00_1.jpg", "precio_peso": "", "precio": "0,99 \u20ac", "oferta": "", "supermercado": "Carrefour"},
],
[
{"query": "Mermelada de albaricoque", "nombre": "Mermelada de albaricoque categoria extra Carrefour 410 g.", "imagen_src": "https://static.carrefour.es/hd_350x_/img_pim_food/228273_00_1.jpg", "precio_peso": "2,83 \u20ac/kg", "precio": "1,16 \u20ac", "oferta": "", "supermercado": "Carrefour"},
{"query": "Mermelada de albaricoque", "nombre": "Mermelada de albaricoque categoria extra Carrefour sin gluten 650 g.", "imagen_src": "https://static.carrefour.es/hd_350x_/img_pim_food/228280_00_1.jpg", "precio_peso": "2,78 \u20ac/kg", "precio": "1,81 \u20ac", "oferta": "", "supermercado": "Carrefour"},
{"query": "Mermelada de albaricoque", "nombre": "Mermelada de albaricoque ecologica Carrefour Bio 350 g.", "imagen_src": "https://static.carrefour.es/hd_350x_/img_pim_food/325849_00_1.jpg", "precio_peso": "5,69 \u20ac/kg", "precio": "1,99 \u20ac", "oferta": "", "supermercado": "Carrefour"},
{"query": "Mermelada de albaricoque", "nombre": "Mermelada de albaricoque La Vieja Fabrica sin gluten 350 g.", "imagen_src": "https://static.carrefour.es/hd_350x_/img_pim_food/032490_00_1.jpg", "precio_peso": "6,83 \u20ac/kg", "precio": "2,39 \u20ac", "oferta": "", "supermercado": "Carrefour"},
{"query": "Mermelada de albaricoque", "nombre": "", "imagen_src": "https://static.carrefour.es/hd_350x_/img_pim_food/695549_00_1.jpg", "precio_peso": "", "precio": "", "oferta": "", "supermercado": "Carrefour"},
{"query": "Mermelada de albaricoque", "nombre": "", "imagen_src": "https://static.carrefour.es/hd_350x_/img_pim_food/852324_00_1.jpg", "precio_peso": "", "precio": "", "oferta": "", "supermercado": "Carrefour"},
],
[
{"query": "Mermelada de ciruela", "nombre": "Mermelada de ciruela categoria extra Carrefour 410 g.", "imagen_src": "https://static.carrefour.es/hd_350x_/img_pim_food/228274_00_1.jpg", "precio_peso": "2,83 \u20ac/kg", "precio": "1,16 \u20ac", "oferta": "", "supermercado": "Carrefour"},
{"query": "Mermelada de ciruela", "nombre": "Mermelada de ciruela La Vieja Fabrica 350 g.", "imagen_src": "https://static.carrefour.es/hd_350x_/img_pim_food/032487_00_1.jpg", "precio_peso": "6,83 \u20ac/kg", "precio": "2,39 \u20ac", "oferta": "", "supermercado": "Carrefour"},
{"query": "Mermelada de ciruela", "nombre": "Mermelada de ciruela ecologica Carrefour Bio 350 g.", "imagen_src": "https://static.carrefour.es/hd_350x_/img_pim_food/325851_00_1.jpg", "precio_peso": "5,69 \u20ac/kg", "precio": "1,99 \u20ac", "oferta": "", "supermercado": "Carrefour"},
{"query": "Mermelada de ciruela", "nombre": "Mermelada de ciruela categoria extra Carrefour sin gluten 650 g.", "imagen_src": "https://static.carrefour.es/hd_350x_/img_pim_food/228281_00_1.jpg", "precio_peso": "2,78 \u20ac/kg", "precio": "1,81 \u20ac", "oferta": "", "supermercado": "Carrefour"},
{"query": "Mermelada de ciruela", "nombre": "", "imagen_src": "https://static.carrefour.es/hd_350x_/img_pim_food/852320_00_1.jpg", "precio_peso": "", "precio": "", "oferta": "", "supermercado": "Carrefour"},
{"query": "Mermelada de ciruela", "nombre": "", "imagen_src": "https://static.carrefour.es/hd_350x_/img_pim_food/851689_00_1.jpg", "precio_peso": "", "precio": "", "oferta": "", "supermercado": "Carrefour"},
],
[
],
[
{"query": "Mermelada de mora", "nombre": "Mermelada de mora ctegoria extra Carrefour 410 g.", "imagen_src": "https://static.carrefour.es/hd_350x_/img_pim_food/376313_00_1.jpg", "precio_peso": "4,37 \u20ac/kg", "precio": "1,79 \u20ac", "oferta": "", "supermercado": "Carrefour"},
{"query": "Mermelada de mora", "nombre": "Mermelada de mora Diet La Vieja Fabrica 280 g.", "imagen_src": "https://static.carrefour.es/hd_350x_/img_pim_food/172523_00_1.jpg", "precio_peso": "8,54 \u20ac/kg", "precio": "2,39 \u20ac", "oferta": "", "supermercado": "Carrefour"},
],
[
{"query": "Mermelada de naranja", "nombre": "Mermelada de naranja Diet La Vieja Fabrica 280 g.", "imagen_src": "https://static.carrefour.es/hd_350x_/img_pim_food/766659_00_1.jpg", "precio_peso": "8,54 \u20ac/kg", "precio": "2,39 \u20ac", "oferta": "", "supermercado": "Carrefour"},
{"query": "Mermelada de naranja", "nombre": "Mermelada de naranja amarga La Vieja Fabrica sin gluten 365 g.", "imagen_src": "https://static.carrefour.es/hd_350x_/img_pim_food/032660_00_1.jpg", "precio_peso": "6,55 \u20ac/kg", "precio": "2,39 \u20ac", "oferta": "", "supermercado": "Carrefour"},
{"query": "Mermelada de naranja", "nombre": "Mermelada de naranja amarga Carrefour 410 g.", "imagen_src": "https://static.carrefour.es/hd_350x_/img_pim_food/228276_00_1.jpg", "precio_peso": "2,17 \u20ac/kg", "precio": "0,89 \u20ac", "oferta": "", "supermercado": "Carrefour"},
{"query": "Mermelada de naranja", "nombre": "Mermelada de naranja ecologica Carrefour Bio 350 g.", "imagen_src": "https://static.carrefour.es/hd_350x_/img_pim_food/326769_00_1.jpg", "precio_peso": "5,69 \u20ac/kg", "precio": "1,99 \u20ac", "oferta": "", "supermercado": "Carrefour"},
{"query": "Mermelada de naranja", "nombre": "", "imagen_src": "https://static.carrefour.es/hd_350x_/img_pim_food/163977_00_1.jpg", "precio_peso": "", "precio": "", "oferta": "", "supermercado": "Carrefour"},
{"query": "Mermelada de naranja", "nombre": "", "imagen_src": "https://static.carrefour.es/hd_350x_/img_pim_food/248235_00_1.jpg", "precio_peso": "", "precio": "", "oferta": "", "supermercado": "Carrefour"},
],
[
{"query": "Chocolate con leche y almendras", "nombre": "", "imagen_src": "https://static.carrefour.es/hd_350x_/img_pim_food/212301_00_1.jpg", "precio_peso": "14,88 \u20ac/kg", "precio": "1,86 \u20ac", "oferta": "", "supermercado": "Carrefour"},
{"query": "Chocolate con leche y almendras", "nombre": "Chocolate con leche relleno de trufa y almendras Max Milka 300 g.", "imagen_src": "https://static.carrefour.es/hd_350x_/img_pim_food/043322_00_1.jpg", "precio_peso": "10,50 \u20ac/kg", "precio": "3,15 \u20ac", "oferta": "", "supermercado": "Carrefour"},
{"query": "Chocolate con leche y almendras", "nombre": "Chocolate con leche y almendras Extra Carrefour sin gluten 200 g.", "imagen_src": "https://static.carrefour.es/hd_350x_/img_pim_food/482765_00_1.jpg", "precio_peso": "6,75 \u20ac/kg", "precio": "1,35 \u20ac", "oferta": "", "supermercado": "Carrefour"},
{"query": "Chocolate con leche y almendras", "nombre": "Chocolate con leche y almendras enteras Valor sin gluten 300 g.", "imagen_src": "https://static.carrefour.es/hd_350x_/img_pim_food/886756_00_1.jpg", "precio_peso": "12,50 \u20ac/kg", "precio": "3,75 \u20ac", "oferta": "", "supermercado": "Carrefour"},
{"query": "Chocolate con leche y almendras", "nombre": "", "imagen_src": "https://static.carrefour.es/hd_350x_/img_pim_food/886759_00_1.jpg", "precio_peso": "", "precio": "", "oferta": "", "supermercado": "Carrefour"},
{"query": "Chocolate con leche y almendras", "nombre": "", "imagen_src": "https://static.carrefour.es/hd_350x_/img_pim_food/036287_00_1.jpg", "precio_peso": "", "precio": "", "oferta": "", "supermercado": "Carrefour"},
],
[
{"query": "Chocolate con leche y arroz", "nombre": "Chocolate con leche y arroz crujiente ecologico Carrefour Bio 100 g.", "imagen_src": "https://static.carrefour.es/hd_350x_/img_pim_food/006559_00_1.jpg", "precio_peso": "14,90 \u20ac/kg", "precio": "1,49 \u20ac", "oferta": "", "supermercado": "Carrefour"},
{"query": "Chocolate con leche y arroz", "nombre": "Crispy arroz crujiente recubierto de chocolate con leche y azucar de color m&m's 340 g.", "imagen_src": "https://static.carrefour.es/hd_350x_/img_pim_food/501138_00_1.jpg", "precio_peso": "12,91 \u20ac/kg", "precio": "4,39 \u20ac", "oferta": "", "supermercado": "Carrefour"},
{"query": "Chocolate con leche y arroz", "nombre": "Tortitas de arroz con chocolate, leche y trozos de avellanas Bicentury 98 g.", "imagen_src": "https://static.carrefour.es/hd_350x_/img_pim_food/854247_00_1.jpg", "precio_peso": "8,13 \u20ac/kg", "precio": "1,61 \u20ac", "oferta": "", "supermercado": "Carrefour"},
{"query": "Chocolate con leche y arroz", "nombre": "Tortitas de arroz cubiertas de chocolate con leche bajo en sal Carrefour sin gluten 60 g.", "imagen_src": "https://static.carrefour.es/hd_350x_/img_pim_food/339223_00_1.jpg", "precio_peso": "18,17 \u20ac/kg", "precio": "1,09 \u20ac", "oferta": "", "supermercado": "Carrefour"},
{"query": "Chocolate con leche y arroz", "nombre": "", "imagen_src": "https://static.carrefour.es/hd_350x_/img_pim_food/193208_00_1.jpg", "precio_peso": "", "precio": "", "oferta": "", "supermercado": "Carrefour"},
],
[
],
[
{"query": "Chocolate negro almendra", "nombre": "Chocolate negro con almendras enteras Extra Carrefour sin gluten 200 g.", "imagen_src": "https://static.carrefour.es/hd_350x_/img_pim_food/482709_00_1.jpg", "precio_peso": "6,75 \u20ac/kg", "precio": "1,35 \u20ac", "oferta": "", "supermercado": "Carrefour"},
{"query": "Chocolate negro almendra", "nombre": "Chocolate negro 70% con almendras enteras Valor sin gluten 250 g.", "imagen_src": "https://static.carrefour.es/hd_350x_/img_pim_food/798623_00_1.jpg", "precio_peso": "16,36 \u20ac/kg", "precio": "4,09 \u20ac", "oferta": "", "supermercado": "Carrefour"},
{"query": "Chocolate negro almendra", "nombre": "Chocolate negro 82% con almendras mediterraneas enteras Valor sin gluten 250 g.", "imagen_src": "https://static.carrefour.es/hd_350x_/img_pim_food/289875_00_1.jpg", "precio_peso": "19,80 \u20ac/kg", "precio": "4,95 \u20ac", "oferta": "", "supermercado": "Carrefour"},
{"query": "Chocolate negro almendra", "nombre": "Chocolate negro con arandanos azules, almendras y avellanas Nestle Les Recettes de l'Atelier 170 g.", "imagen_src": "https://static.carrefour.es/hd_350x_/img_pim_food/486450_00_1.jpg", "precio_peso": "17,59 \u20ac/kg", "precio": "2,99 \u20ac", "oferta": "", "supermercado": "Carrefour"},
{"query": "Chocolate negro almendra", "nombre": "", "imagen_src": "https://static.carrefour.es/hd_350x_/img_pim_food/650332_00_1.jpg", "precio_peso": "", "precio": "", "oferta": "", "supermercado": "Carrefour"},
{"query": "Chocolate negro almendra", "nombre": "", "imagen_src": "https://static.carrefour.es/hd_350x_/img_pim_food/960201_00_1.jpg", "precio_peso": "", "precio": "", "oferta": "", "supermercado": "Carrefour"},
],
[
{"query": "Chocolate negro", "nombre": "Chocolate negro 85% ecologico Suchard 90 g.", "imagen_src": "https://static.carrefour.es/hd_350x_/img_pim_food/828180_00_1.jpg", "precio_peso": "24,33 \u20ac/kg", "precio": "2,19 \u20ac", "oferta": "", "supermercado": "Carrefour"},
{"query": "Chocolate negro", "nombre": "Chocolate negro con almendras enteras Extra Carrefour sin gluten 200 g.", "imagen_src": "https://static.carrefour.es/hd_350x_/img_pim_food/482709_00_1.jpg", "precio_peso": "6,75 \u20ac/kg", "precio": "1,35 \u20ac", "oferta": "", "supermercado": "Carrefour"},
{"query": "Chocolate negro", "nombre": "Chocolate negro 80% cacao Seleccion Carrefour 80 g.", "imagen_src": "https://static.carrefour.es/hd_350x_/img_pim_food/793196_00_1.jpg", "precio_peso": "10,50 \u20ac/kg", "precio": "1,05 \u20ac", "oferta": "", "supermercado": "Carrefour"},
{"query": "Chocolate negro", "nombre": "Chocolate negro Peru 85% cacao Carrefour Bio 100 g.", "imagen_src": "https://static.carrefour.es/hd_350x_/img_pim_food/382837_00_1.jpg", "precio_peso": "14,90 \u20ac/kg", "precio": "1,49 \u20ac", "oferta": "", "supermercado": "Carrefour"},
{"query": "Chocolate negro", "nombre": "", "imagen_src": "https://static.carrefour.es/hd_350x_/img_pim_food/970355_00_1.jpg", "precio_peso": "", "precio": "", "oferta": "", "supermercado": "Carrefour"},
{"query": "Chocolate negro", "nombre": "", "imagen_src": "https://static.carrefour.es/hd_350x_/img_pim_food/482725_00_1.jpg", "precio_peso": "", "precio": "", "oferta": "", "supermercado": "Carrefour"},
],
[
],
[
{"query": "Turr\u00f3n", "nombre": "Helado de turron Carrefour 440 g.", "imagen_src": "https://static.carrefour.es/hd_350x_/img_pim_food/409389_00_1.jpg", "precio_peso": "7,25 \u20ac/kg", "precio": "3,19 \u20ac", "oferta": "", "supermercado": "Carrefour"},
{"query": "Turr\u00f3n", "nombre": "Barritas de chocolate con leche, crema de turron y caramelo Mars 5 ud.", "imagen_src": "https://static.carrefour.es/hd_350x_/img_pim_food/518242_00_1.jpg", "precio_peso": "11,96 \u20ac/kg", "precio": "2,69 \u20ac", "oferta": "", "supermercado": "Carrefour"},
{"query": "Turr\u00f3n", "nombre": "Bloque de helado de turron Carrefour 520 g.", "imagen_src": "https://static.carrefour.es/hd_350x_/img_pim_food/334399_00_1.jpg", "precio_peso": "4,23 \u20ac/kg", "precio": "2,20 \u20ac", "oferta": "", "supermercado": "Carrefour"},
{"query": "Turr\u00f3n", "nombre": "Postre delicias de turron Nestle La Lechera pack de 2 unidades de 125 g.", "imagen_src": "https://static.carrefour.es/hd_350x_/img_pim_food/780214_00_1.jpg", "precio_peso": "6,16 \u20ac/kg", "precio": "1,54 \u20ac", "oferta": "", "supermercado": "Carrefour"},
{"query": "Turr\u00f3n", "nombre": "", "imagen_src": "https://static.carrefour.es/hd_350x_/img_pim_food/150824_00_1.jpg", "precio_peso": "", "precio": "", "oferta": "", "supermercado": "Carrefour"},
{"query": "Turr\u00f3n", "nombre": "", "imagen_src": "https://static.carrefour.es/hd_350x_/img_pim_food/400684_00_1.jpg", "precio_peso": "", "precio": "", "oferta": "", "supermercado": "Carrefour"},
],
[
{"query": "Fructosa", "nombre": "Fructosa Carrefour 750 g.", "imagen_src": "https://static.carrefour.es/hd_350x_/img_pim_food/945929_00_1.jpg", "precio_peso": "4,60 \u20ac/kg", "precio": "3,45 \u20ac", "oferta": "", "supermercado": "Carrefour"},
{"query": "Fructosa", "nombre": "Fructosa En Polvo 1kg- Hsn", "imagen_src": "https://static.carrefour.es/hd_350x_/imagenes/products/50603/26273/187/5060326273187/imagenGrande1.jpg", "precio_peso": "", "precio": "7,90 \u20ac", "oferta": "", "supermercado": "Carrefour"},
{"query": "Fructosa", "nombre": "Fructosa En Polvo 3kg- Hsn", "imagen_src": "https://static.carrefour.es/hd_350x_/imagenes/products/50603/26273/194/5060326273194/imagenGrande1.jpg", "precio_peso": "", "precio": "19,90 \u20ac", "oferta": "", "supermercado": "Carrefour"},
{"query": "Fructosa", "nombre": "Fructosa Naturtierra (800 G)", "imagen_src": "https://static.carrefour.es/hd_350x_/imagenes/products/84120/16280/802/8412016280802/imagenGrande1.jpg", "precio_peso": "", "precio": "12,87 \u20ac", "oferta": "", "supermercado": "Carrefour"},
{"query": "Fructosa", "nombre": "", "imagen_src": "https://static.carrefour.es/hd_350x_/imagenes/products/97884/16918/683/9788416918683/imagenGrande1.jpg", "precio_peso": "", "precio": "13,49 \u20ac", "oferta": "", "supermercado": "Carrefour"},
{"query": "Fructosa", "nombre": "", "imagen_src": "https://static.carrefour.es/hd_350x_/imagenes/products/97884/25518/362/9788425518362/imagenGrande1.jpg", "precio_peso": "", "precio": "15,20 \u20ac", "oferta": "", "supermercado": "Carrefour"},
],
[
{"query": "Crema pastelera", "nombre": "Dulce de leche pastelero Mardel sin gluten 450 g.", "imagen_src": "https://static.carrefour.es/hd_350x_/img_pim_food/739956_00_1.jpg", "precio_peso": "6,11 \u20ac/kg", "precio": "2,75 \u20ac", "oferta": "", "supermercado": "Carrefour"},
],
[
{"query": "Alioli", "nombre": "Salsa alioli Chovi bote 400 ml.", "imagen_src": "https://static.carrefour.es/hd_350x_/img_pim_food/274900_00_1.jpg", "precio_peso": "7,62 \u20ac/l", "precio": "3,05 \u20ac", "oferta": "", "supermercado": "Carrefour"},
{"query": "Alioli", "nombre": "Patatas alioli Carrefour 450 g.", "imagen_src": "https://static.carrefour.es/hd_350x_/img_pim_food/292092_00_1.jpg", "precio_peso": "4,87 \u20ac/kg", "precio": "2,19 \u20ac", "oferta": "", "supermercado": "Carrefour"},
{"query": "Alioli", "nombre": "Patatas con alioli Carrefour 250 g.", "imagen_src": "https://static.carrefour.es/hd_350x_/img_pim_food/277291_00_1.jpg", "precio_peso": "5,20 \u20ac/kg", "precio": "1,30 \u20ac", "oferta": "", "supermercado": "Carrefour"},
{"query": "Alioli", "nombre": "Salsa alioli de ajo negro Familia Suarez sin gluten tarro 135 g.", "imagen_src": "https://static.carrefour.es/hd_350x_/img_pim_food/938578_00_1.jpg", "precio_peso": "19,11 \u20ac/kg", "precio": "2,58 \u20ac", "oferta": "", "supermercado": "Carrefour"},
{"query": "Alioli", "nombre": "", "imagen_src": "https://static.carrefour.es/hd_350x_/img_pim_food/502193_00_1.jpg", "precio_peso": "", "precio": "3,05 \u20ac", "oferta": "", "supermercado": "Carrefour"},
],
[
{"query": "Zumo de uva y melocot\u00f3n", "nombre": "Zumo de melocoton, manzana y uva Carrefour brik 1 l.", "imagen_src": "https://static.carrefour.es/hd_350x_/img_pim_food/955069_00_1.jpg", "precio_peso": "0,70 \u20ac/l", "precio": "0,70 \u20ac", "oferta": "", "supermercado": "Carrefour"},
{"query": "Zumo de uva y melocot\u00f3n", "nombre": "Zumo de melocoton, manzana y uva Don Simon pack de 6 briks de 20 cl.", "imagen_src": "https://static.carrefour.es/hd_350x_/img_pim_food/500997_00_1.jpg", "precio_peso": "1,48 \u20ac/l", "precio": "1,78 \u20ac", "oferta": "", "supermercado": "Carrefour"},
{"query": "Zumo de uva y melocot\u00f3n", "nombre": "Zumo de melocoton y uva ecologico Carrefour Bio exprimido pack de 3 briks de 20 cl.", "imagen_src": "https://static.carrefour.es/hd_350x_/img_pim_food/025668_00_1.jpg", "precio_peso": "3,03 \u20ac/l", "precio": "1,82 \u20ac", "oferta": "", "supermercado": "Carrefour"},
{"query": "Zumo de uva y melocot\u00f3n", "nombre": "Zumo de melocoton y uva 100% Fruta Granini botella 1 l. ", "imagen_src": "https://static.carrefour.es/hd_350x_/img_pim_food/241915_00_1.jpg", "precio_peso": "2,49 \u20ac/l", "precio": "2,49 \u20ac", "oferta": "", "supermercado": "Carrefour"},
{"query": "Zumo de uva y melocot\u00f3n", "nombre": "", "imagen_src": "https://static.carrefour.es/hd_350x_/img_pim_food/000102_00_1.jpg", "precio_peso": "", "precio": "", "oferta": "", "supermercado": "Carrefour"},
{"query": "Zumo de uva y melocot\u00f3n", "nombre": "", "imagen_src": "https://static.carrefour.es/hd_350x_/img_pim_food/865501_00_1.jpg", "precio_peso": "", "precio": "", "oferta": "", "supermercado": "Carrefour"},
],
[
{"query": "Caldo vegetal", "nombre": "Caldo vegetal con un toque de aceite de oliva virgen extra Knorr sin gluten 12 pastillas", "imagen_src": "https://static.carrefour.es/hd_350x_/img_pim_food/107671_00_1.jpg", "precio_peso": "13,80 \u20ac/kg", "precio": "1,49 \u20ac", "oferta": "", "supermercado": "Carrefour"},
],
[
{"query": "Chile rojo", "nombre": "Juego De Sabanas Tres Piezas Donegal Chile Cama 150cm Rojo", "imagen_src": "https://static.carrefour.es/hd_350x_/imagenes/products/84454/62006/481/8445462006481/imagenGrande1.jpg", "precio_peso": "", "precio": "22,99 \u20ac", "oferta": "", "supermercado": "Carrefour"},
{"query": "Chile rojo", "nombre": "Juego De Sabanas Tres Piezas Donegal Chile Cama 90cm Rojo", "imagen_src": "https://static.carrefour.es/hd_350x_/imagenes/products/84454/62006/429/8445462006429/imagenGrande1.jpg", "precio_peso": "", "precio": "18,99 \u20ac", "oferta": "", "supermercado": "Carrefour"},
{"query": "Chile rojo", "nombre": "Juego De Sabanas Tres Piezas Donegal Chile Cama 135cm Rojo", "imagen_src": "https://static.carrefour.es/hd_350x_/imagenes/products/84454/62006/467/8445462006467/imagenGrande1.jpg", "precio_peso": "", "precio": "18,99 \u20ac", "oferta": "", "supermercado": "Carrefour"},
{"query": "Chile rojo", "nombre": "Juego De Sabanas Tres Piezas Donegal Chile Cama 105cm Rojo", "imagen_src": "https://static.carrefour.es/hd_350x_/imagenes/products/84454/62006/443/8445462006443/imagenGrande1.jpg", "precio_peso": "", "precio": "22,99 \u20ac", "oferta": "", "supermercado": "Carrefour"},
{"query": "Chile rojo", "nombre": "", "imagen_src": "https://static.carrefour.es/hd_350x_/imagenes/products/40088/38235/409/4008838235409/imagenGrande1.jpg", "precio_peso": "", "precio": "15,90 \u20ac", "oferta": "", "supermercado": "Carrefour"},
],
[
{"query": "Chile verde", "nombre": "Juego De Sabanas Tres Piezas Donegal New Chile Cama 90cm Verde", "imagen_src": "https://static.carrefour.es/hd_350x_/imagenes/products/84454/62021/408/8445462021408/imagenGrande1.jpg", "precio_peso": "", "precio": "16,99 \u20ac", "oferta": "", "supermercado": "Carrefour"},
{"query": "Chile verde", "nombre": "Juego De Sabanas Tres Piezas Donegal New Chile Cama 105cm Verde", "imagen_src": "https://static.carrefour.es/hd_350x_/imagenes/products/84454/62021/415/8445462021415/imagenGrande1.jpg", "precio_peso": "", "precio": "18,99 \u20ac", "oferta": "", "supermercado": "Carrefour"},
{"query": "Chile verde", "nombre": "Juego De Sabanas Tres Piezas Donegal New Chile Cama 135cm Verde", "imagen_src": "https://static.carrefour.es/hd_350x_/imagenes/products/84454/62021/422/8445462021422/imagenGrande1.jpg", "precio_peso": "", "precio": "21,99 \u20ac", "oferta": "", "supermercado": "Carrefour"},
{"query": "Chile verde", "nombre": "Juego De Sabanas Tres Piezas Donegal New Chile Cama 150cm Verde", "imagen_src": "https://static.carrefour.es/hd_350x_/imagenes/products/84454/62021/439/8445462021439/imagenGrande1.jpg", "precio_peso": "", "precio": "22,99 \u20ac", "oferta": "", "supermercado": "Carrefour"},
{"query": "Chile verde", "nombre": "", "imagen_src": "https://static.carrefour.es/hd_350x_/imagenes/products/84454/62006/412/8445462006412/imagenGrande1.jpg", "precio_peso": "", "precio": "16,99 \u20ac", "oferta": "", "supermercado": "Carrefour"},
{"query": "Chile verde", "nombre": "", "imagen_src": "https://static.carrefour.es/hd_350x_/imagenes/products/84454/62006/474/8445462006474/imagenGrande1.jpg", "precio_peso": "", "precio": "21,99 \u20ac", "oferta": "", "supermercado": "Carrefour"},
],
[
{"query": "Bacalao", "nombre": "", "imagen_src": "https://static.carrefour.es/hd_350x_/img_pim_food/302943_00_1.jpg", "precio_peso": "12,97 \u20ac/kg", "precio": "5,19 \u20ac", "oferta": "", "supermercado": "Carrefour"},
{"query": "Bacalao", "nombre": "Bacalao desalado desmigado Carrefour 250 g.", "imagen_src": "https://static.carrefour.es/hd_350x_/img_pim_food/965241_00_1.jpg", "precio_peso": "15 \u20ac/kg", "precio": "3,75 \u20ac", "oferta": "", "supermercado": "Carrefour"},
{"query": "Bacalao", "nombre": "Filete de bacalao NorayNorth 400 g.", "imagen_src": "https://static.carrefour.es/hd_350x_/img_pim_food/542115_00_1.jpg", "precio_peso": "10,37 \u20ac/kg", "precio": "4,15 \u20ac", "oferta": "", "supermercado": "Carrefour"},
{"query": "Bacalao", "nombre": "Bacalao troceado congelado 400 g", "imagen_src": "https://static.carrefour.es/hd_350x_/img_pim_food/451225_00_1.jpg", "precio_peso": "9,87 \u20ac/kg", "precio": "3,95 \u20ac", "oferta": "", "supermercado": "Carrefour"},
{"query": "Bacalao", "nombre": "", "imagen_src": "https://static.carrefour.es/hd_350x_/img_pim_food/075453_00_1.jpg", "precio_peso": "", "precio": "", "oferta": "", "supermercado": "Carrefour"},
{"query": "Bacalao", "nombre": "", "imagen_src": "https://static.carrefour.es/hd_350x_/img_pim_food/708300_00_1.jpg", "precio_peso": "", "precio": "", "oferta": "", "supermercado": "Carrefour"},
],
[
{"query": "Bacalao salado", "nombre": "Palitos de bacalao salados Carrefour el Mercado 300 g aprox", "imagen_src": "https://static.carrefour.es/hd_350x_/img_pim_food/627439_00_1.jpg", "precio_peso": "24,95 \u20ac/kg", "precio": "7,48 \u20ac", "oferta": "", "supermercado": "Carrefour"},
{"query": "Bacalao salado", "nombre": "Fileton de bacalao salado Carrefour el Mercado 1,4 kg aprox", "imagen_src": "https://static.carrefour.es/hd_350x_/img_pim_food/627447_00_1.jpg", "precio_peso": "17,99 \u20ac/kg", "precio": "7,20 \u20ac", "oferta": "", "supermercado": "Carrefour"},
{"query": "Bacalao salado", "nombre": "Hueva de bacalao salado 160 g", "imagen_src": "https://static.carrefour.es/hd_350x_/img_pim_food/095592_00_1.jpg", "precio_peso": "37,19 \u20ac/kg", "precio": "5,95 \u20ac", "oferta": "", "supermercado": "Carrefour"},
],
[
{"query": "B\u00edgaro", "nombre": "Biga 2, Super Laguna! (= Avni 2)", "imagen_src": "https://static.carrefour.es/hd_350x_/imagenes/products/97884/18215/421/9788418215421/imagenGrande1.jpg", "precio_peso": "", "precio": "9,50 \u20ac", "oferta": "", "supermercado": "Carrefour"},
{"query": "B\u00edgaro", "nombre": "Biga 4. Biga Endreda-makila = Avni 4", "imagen_src": "https://static.carrefour.es/hd_350x_/imagenes/products/97884/18909/085/9788418909085/imagenGrande1.jpg", "precio_peso": "", "precio": "9,50 \u20ac", "oferta": "", "supermercado": "Carrefour"},
{"query": "B\u00edgaro", "nombre": "Planta De Fruta - Rubus Navaho Bigandearly - Altura: 55 Cm", "imagen_src": "https://static.carrefour.es/hd_350x_/imagenes/products/40661/34000/718/4066134000718/imagenGrande1.jpg", "precio_peso": "", "precio": "42,95 \u20ac", "oferta": "", "supermercado": "Carrefour"},
{"query": "B\u00edgaro", "nombre": "Bigas X Bigas [dvd]", "imagen_src": "https://static.carrefour.es/hd_350x_/imagenes/products/84365/64162/779/8436564162779/imagenGrande1.jpg", "precio_peso": "", "precio": "7,44 \u20ac", "oferta": "", "supermercado": "Carrefour"},
{"query": "B\u00edgaro", "nombre": "Martintxo Bigarrena", "imagen_src": "https://static.carrefour.es/hd_350x_/imagenes/products/97884/16839/438/9788416839438/imagenGrande1.jpg", "precio_peso": "", "precio": "9,50 \u20ac", "oferta": "", "supermercado": "Carrefour"},
{"query": "B\u00edgaro", "nombre": "Bigas Luna. El Gran Fabulador", "imagen_src": "https://static.carrefour.es/hd_350x_/imagenes/products/97884/18292/446/9788418292446/imagenGrande1.jpg", "precio_peso": "", "precio": "18,53 \u20ac", "oferta": "", "supermercado": "Carrefour"},
],
[
{"query": "Bogavante", "nombre": "Bogavante crudo Carrefour 1 ud", "imagen_src": "https://static.carrefour.es/hd_350x_/img_pim_food/113929_00_1.jpg", "precio_peso": "32,37 \u20ac/kg", "precio": "12,95 \u20ac", "oferta": "", "supermercado": "Carrefour"},
{"query": "Bogavante", "nombre": "Bogavante procedente de Pesca Sostenible crudo congelado Carrefour 400 g.", "imagen_src": "https://static.carrefour.es/hd_350x_/img_pim_food/562115_00_1.jpg", "precio_peso": "33,62 \u20ac/kg", "precio": "13,45 \u20ac", "oferta": "", "supermercado": "Carrefour"},
{"query": "Bogavante", "nombre": "Bogavante americano entero cocido Extra Carrefour 350 g.", "imagen_src": "https://static.carrefour.es/hd_350x_/img_pim_food/424272_00_1.jpg", "precio_peso": "30,69 \u20ac/kg", "precio": "10,74 \u20ac", "oferta": "", "supermercado": "Carrefour"},
{"query": "Bogavante", "nombre": "Crema de bogavante y cigalas Gourmet Knorr 500 ml.", "imagen_src": "https://static.carrefour.es/hd_350x_/img_pim_food/350151_00_1.jpg", "precio_peso": "5,98 \u20ac/l", "precio": "2,99 \u20ac", "oferta": "", "supermercado": "Carrefour"},
{"query": "Bogavante", "nombre": "", "imagen_src": "https://static.carrefour.es/hd_350x_/img_pim_food/139366_00_1.jpg", "precio_peso": "", "precio": "", "oferta": "", "supermercado": "Carrefour"},
{"query": "Bogavante", "nombre": "", "imagen_src": "https://static.carrefour.es/hd_350x_/img_pim_food/819329_00_1.jpg", "precio_peso": "", "precio": "", "oferta": "", "supermercado": "Carrefour"},
],
[
{"query": "Bonito del norte", "nombre": "Bonito del norte en aceite de oliva procedente de pesca sostenible Carrefour 260 g.", "imagen_src": "https://static.carrefour.es/hd_350x_/img_pim_food/841529_00_1.jpg", "precio_peso": "21,35 \u20ac/kg", "precio": "5,55 \u20ac", "oferta": "", "supermercado": "Carrefour"},
{"query": "Bonito del norte", "nombre": "Bonito del norte en aceite de oliva virgen extra Carrefour 72 g.", "imagen_src": "https://static.carrefour.es/hd_350x_/img_pim_food/457556_00_1.jpg", "precio_peso": "19,72 \u20ac/kg", "precio": "1,42 \u20ac", "oferta": "", "supermercado": "Carrefour"},
{"query": "Bonito del norte", "nombre": "Bonito del norte en aceite de oliva Carrefour 260 g.", "imagen_src": "https://static.carrefour.es/hd_350x_/img_pim_food/897603_00_1.jpg", "precio_peso": "15,96 \u20ac/kg", "precio": "4,15 \u20ac", "oferta": "", "supermercado": "Carrefour"},
{"query": "Bonito del norte", "nombre": "Bonito del Norte al natural Carrefour 74 g.", "imagen_src": "https://static.carrefour.es/hd_350x_/img_pim_food/542017_00_1.jpg", "precio_peso": "28,24 \u20ac/kg", "precio": "2,09 \u20ac", "oferta": "", "supermercado": "Carrefour"},
{"query": "Bonito del norte", "nombre": "", "imagen_src": "https://static.carrefour.es/hd_350x_/img_pim_food/603518_00_1.jpg", "precio_peso": "", "precio": "", "oferta": "", "supermercado": "Carrefour"},
{"query": "Bonito del norte", "nombre": "", "imagen_src": "https://static.carrefour.es/hd_350x_/img_pim_food/339808_00_1.jpg", "precio_peso": "", "precio": "", "oferta": "", "supermercado": "Carrefour"},
],
[
{"query": "Bonito enlatado en aceite", "nombre": "Bonito del norte en aceite de oliva Carrefour pack de 3 latas de 52 g.", "imagen_src": "https://static.carrefour.es/hd_350x_/img_pim_food/842848_00_1.jpg", "precio_peso": "18,53 \u20ac/kg", "precio": "2,89 \u20ac", "oferta": "", "supermercado": "Carrefour"},
{"query": "Bonito enlatado en aceite", "nombre": "Bonito en aceite de oliva virgen extra Ecologico Consorcio 122 g.", "imagen_src": "https://static.carrefour.es/hd_350x_/img_pim_food/523406_00_1.jpg", "precio_peso": "47,13 \u20ac/kg", "precio": "5,75 \u20ac", "oferta": "", "supermercado": "Carrefour"},
{"query": "Bonito enlatado en aceite", "nombre": "Bonito en aceite de oliva Arlequin 275 g.", "imagen_src": "https://static.carrefour.es/hd_350x_/img_pim_food/865042_00_1.jpg", "precio_peso": "23,81 \u20ac/kg", "precio": "6,19 \u20ac", "oferta": "", "supermercado": "Carrefour"},
{"query": "Bonito enlatado en aceite", "nombre": "Bonito del norte en aceite de oliva De Nuestra Tierra 210 g.", "imagen_src": "https://static.carrefour.es/hd_350x_/img_pim_food/226659_00_1.jpg", "precio_peso": "35 \u20ac/kg", "precio": "7,35 \u20ac", "oferta": "", "supermercado": "Carrefour"},
{"query": "Bonito enlatado en aceite", "nombre": "", "imagen_src": "https://static.carrefour.es/hd_350x_/img_pim_food/457556_00_1.jpg", "precio_peso": "", "precio": "", "oferta": "", "supermercado": "Carrefour"},
{"query": "Bonito enlatado en aceite", "nombre": "", "imagen_src": "https://static.carrefour.es/hd_350x_/img_pim_food/841529_00_1.jpg", "precio_peso": "", "precio": "", "oferta": "", "supermercado": "Carrefour"},
],
[
{"query": "Breca", "nombre": "Breca Tinto 2017", "imagen_src": "https://static.carrefour.es/hd_350x_/img_pim_food/147898_00_2_Bodega.jpg", "precio_peso": "12,45 \u20ac/ud", "precio": "12,45 \u20ac", "oferta": "", "supermercado": "Carrefour"},
{"query": "Breca", "nombre": "Breca Rose Rosado 2020", "imagen_src": "https://static.carrefour.es/hd_350x_/img_pim_food/361957_00_2_Bodega.jpg", "precio_peso": "8,99 \u20ac/ud", "precio": "8,99 \u20ac", "oferta": "", "supermercado": "Carrefour"},
{"query": "Breca", "nombre": "Garnacha De Fuego Tinto 2020", "imagen_src": "https://static.carrefour.es/hd_350x_/img_pim_food/147892_00_2_Bodega.jpg", "precio_peso": "10,73 \u20ac/l", "precio": "8,05 \u20ac", "oferta": "", "supermercado": "Carrefour"},
],
[
{"query": "Caballa", "nombre": "Filetes de caballa del sur en aceite de oliva Carrefour pack de 2 latas de 65 g.", "imagen_src": "https://static.carrefour.es/hd_350x_/img_pim_food/488898_00_1.jpg", "precio_peso": "13,46 \u20ac/kg", "precio": "1,75 \u20ac", "oferta": "", "supermercado": "Carrefour"},
{"query": "Caballa", "nombre": "Filetes de caballa del sur en salsa de tomate Carrefour pack de 2 latas de 65 g.", "imagen_src": "https://static.carrefour.es/hd_350x_/img_pim_food/488871_00_1.jpg", "precio_peso": "12,69 \u20ac/kg", "precio": "1,65 \u20ac", "oferta": "", "supermercado": "Carrefour"},
{"query": "Caballa", "nombre": "Caballa del sur en aceite de oliva De Nuestra Tierra 78 g.", "imagen_src": "https://static.carrefour.es/hd_350x_/img_pim_food/470936_00_1.jpg", "precio_peso": "26,79 \u20ac/kg", "precio": "2,09 \u20ac", "oferta": "", "supermercado": "Carrefour"},
{"query": "Caballa", "nombre": "Filetes de caballa del sur en aceite de girasol Carrefour pack de 2 latas de 65 g.", "imagen_src": "https://static.carrefour.es/hd_350x_/img_pim_food/488907_00_1.jpg", "precio_peso": "12,31 \u20ac/kg", "precio": "1,60 \u20ac", "oferta": "", "supermercado": "Carrefour"},
{"query": "Caballa", "nombre": "", "imagen_src": "https://static.carrefour.es/hd_350x_/img_pim_food/488856_00_1.jpg", "precio_peso": "", "precio": "", "oferta": "", "supermercado": "Carrefour"},
{"query": "Caballa", "nombre": "", "imagen_src": "https://static.carrefour.es/hd_350x_/img_pim_food/488901_00_1.jpg", "precio_peso": "", "precio": "", "oferta": "", "supermercado": "Carrefour"},
],
[
{"query": "Caballa enlatada en aceite", "nombre": "Filetes de caballa del sur en aceite de oliva bajo en sal Carrefour pack de 2 latas de 65 g.", "imagen_src": "https://static.carrefour.es/hd_350x_/img_pim_food/488901_00_1.jpg", "precio_peso": "15 \u20ac/kg", "precio": "1,95 \u20ac", "oferta": "", "supermercado": "Carrefour"},
{"query": "Caballa enlatada en aceite", "nombre": "Caballa del sur en aceite de oliva Carrefour pack de 3 latas de 52 g.", "imagen_src": "https://static.carrefour.es/hd_350x_/img_pim_food/488856_00_1.jpg", "precio_peso": "15,06 \u20ac/kg", "precio": "2,35 \u20ac", "oferta": "", "supermercado": "Carrefour"},
{"query": "Caballa enlatada en aceite", "nombre": "Filetes de caballa del sur en aceite de oliva bajo en sal Calvo 82 g.", "imagen_src": "https://static.carrefour.es/hd_350x_/img_pim_food/050549_00_1.jpg", "precio_peso": "24,27 \u20ac/kg", "precio": "1,99 \u20ac", "oferta": "", "supermercado": "Carrefour"},
{"query": "Caballa enlatada en aceite", "nombre": "Filetes de caballa del sur en aceite de girasol Ubago 65 g.", "imagen_src": "https://static.carrefour.es/hd_350x_/img_pim_food/002575_00_1.jpg", "precio_peso": "21,85 \u20ac/kg", "precio": "1,42 \u20ac", "oferta": "", "supermercado": "Carrefour"},
{"query": "Caballa enlatada en aceite", "nombre": "", "imagen_src": "https://static.carrefour.es/hd_350x_/img_pim_food/497438_00_1.jpg", "precio_peso": "", "precio": "2,49 \u20ac", "oferta": "", "supermercado": "Carrefour"},
{"query": "Caballa enlatada en aceite", "nombre": "", "imagen_src": "https://static.carrefour.es/hd_350x_/img_pim_food/032693_00_1.jpg", "precio_peso": "", "precio": "1,99 \u20ac", "oferta": "", "supermercado": "Carrefour"},
],
[
],
[
{"query": "Calamar", "nombre": "Calamar crudo troceado y limpio de la india Carrefour 475 g.", "imagen_src": "https://static.carrefour.es/hd_350x_/img_pim_food/602600_00_1.jpg", "precio_peso": "9,22 \u20ac/kg", "precio": "4,38 \u20ac", "oferta": "", "supermercado": "Carrefour"},
{"query": "Calamar", "nombre": "Calamar limpio 400 g.", "imagen_src": "https://static.carrefour.es/hd_350x_/img_pim_food/721056_00_1.jpg", "precio_peso": "14,47 \u20ac/kg", "precio": "5,79 \u20ac", "oferta": "", "supermercado": "Carrefour"},
{"query": "Calamar", "nombre": "Calamares en salsa americana Calvo sin gluten y sin lactosa pack de 3 unidades de 48 g.", "imagen_src": "https://static.carrefour.es/hd_350x_/img_pim_food/020172_00_1.jpg", "precio_peso": "19,10 \u20ac/kg", "precio": "2,75 \u20ac", "oferta": "", "supermercado": "Carrefour"},
{"query": "Calamar", "nombre": "Calamares en su tinta Calvo pack de 3 unidades de 48 g.", "imagen_src": "https://static.carrefour.es/hd_350x_/img_pim_food/020173_00_1.jpg", "precio_peso": "19,10 \u20ac/kg", "precio": "2,75 \u20ac", "oferta": "", "supermercado": "Carrefour"},
{"query": "Calamar", "nombre": "", "imagen_src": "https://static.carrefour.es/hd_350x_/img_pim_food/819258_00_1.jpg", "precio_peso": "", "precio": "", "oferta": "", "supermercado": "Carrefour"},
{"query": "Calamar", "nombre": "", "imagen_src": "https://static.carrefour.es/hd_350x_/img_pim_food/158851_00_1.jpg", "precio_peso": "", "precio": "", "oferta": "", "supermercado": "Carrefour"},
],
[
],
[
{"query": "Cangrejo en conserva", "nombre": "Carne de cangrejo natural desmigada Romanov 60 g.", "imagen_src": "https://static.carrefour.es/hd_350x_/img_pim_food/369648_00_1.jpg", "precio_peso": "84,17 \u20ac/kg", "precio": "5,05 \u20ac", "oferta": "", "supermercado": "Carrefour"},
{"query": "Cangrejo en conserva", "nombre": "Carne de cangrejo al natural Chatka 110 g,", "imagen_src": "https://static.carrefour.es/hd_350x_/img_pim_food/369644_00_1.jpg", "precio_peso": "213,64 \u20ac/kg", "precio": "23,50 \u20ac", "oferta": "", "supermercado": "Carrefour"},
{"query": "Cangrejo en conserva", "nombre": "Ensalada de cangrejo con pina Carrefour 200 g.", "imagen_src": "https://static.carrefour.es/hd_350x_/img_pim_food/277345_00_1.jpg", "precio_peso": "6,80 \u20ac/kg", "precio": "1,36 \u20ac", "oferta": "", "supermercado": "Carrefour"},
{"query": "Cangrejo en conserva", "nombre": "Ensalada de cangrejo con pina Carrefour 450 g.", "imagen_src": "https://static.carrefour.es/hd_350x_/img_pim_food/277335_00_1.jpg", "precio_peso": "6,42 \u20ac/kg", "precio": "2,89 \u20ac", "oferta": "", "supermercado": "Carrefour"},
],
[
{"query": "Carpa", "nombre": "Base de Plastico Rellenable para Parasol", "imagen_src": "https://static.carrefour.es/hd_350x_/crs/cdn_static/catalog/hd/262576_00_1.jpg", "precio_peso": "", "precio": "6,95 \u20ac", "oferta": "", "supermercado": "Carrefour"},
{"query": "Carpa", "nombre": "Parasol 2X4 m San Francisco - Terracota", "imagen_src": "https://static.carrefour.es/hd_350x_/crs/cdn_static/catalog/hd/270711_00_1.jpg", "precio_peso": "", "precio": "79 \u20ac", "oferta": "", "supermercado": "Carrefour"},
{"query": "Carpa", "nombre": "Parasol 2X4 m San Francisco - Arena", "imagen_src": "https://static.carrefour.es/hd_350x_/crs/cdn_static/catalog/hd/271120_00_1.jpg", "precio_peso": "", "precio": "79 \u20ac", "oferta": "", "supermercado": "Carrefour"},
{"query": "Carpa", "nombre": "Parasol Lateral 3 m - Arena", "imagen_src": "https://static.carrefour.es/hd_350x_/crs/cdn_static/catalog/hd/271112_00_1.jpg", "precio_peso": "", "precio": "59 \u20ac", "oferta": "", "supermercado": "Carrefour"},
{"query": "Carpa", "nombre": "", "imagen_src": "https://static.carrefour.es/hd_350x_/crs/cdn_static/catalog/hd/271297_00_1.jpg", "precio_peso": "", "precio": "", "oferta": "", "supermercado": "Carrefour"},
{"query": "Carpa", "nombre": "", "imagen_src": "https://static.carrefour.es/hd_350x_/crs/cdn_static/catalog/hd/270757_00_1.jpg", "precio_peso": "", "precio": "", "oferta": "", "supermercado": "Carrefour"},
],
[
{"query": "Caviar", "nombre": "Sucedaneo de caviar Mujjol Shikran sin gluten 80 g.", "imagen_src": "https://static.carrefour.es/hd_350x_/img_pim_food/328315_00_1.jpg", "precio_peso": "62,37 \u20ac/kg", "precio": "4,99 \u20ac", "oferta": "", "supermercado": "Carrefour"},
{"query": "Caviar", "nombre": "Sucedaneo de caviar salmon Shikran sin gluten 80 g.", "imagen_src": "https://static.carrefour.es/hd_350x_/img_pim_food/776828_00_1.jpg", "precio_peso": "68,62 \u20ac/kg", "precio": "5,49 \u20ac", "oferta": "", "supermercado": "Carrefour"},
{"query": "Caviar", "nombre": "Sucedaneo de caviar Mujjol Shikran Rojo sin gluten 80 g.", "imagen_src": "https://static.carrefour.es/hd_350x_/img_pim_food/805342_00_1.jpg", "precio_peso": "62,37 \u20ac/kg", "precio": "4,99 \u20ac", "oferta": "", "supermercado": "Carrefour"},
{"query": "Caviar", "nombre": "Lenteja beluga caviar Salamanca categoria extra Legumbres Guillermo 500 g.", "imagen_src": "https://static.carrefour.es/hd_350x_/img_pim_food/986988_00_1.jpg", "precio_peso": "6,50 \u20ac/kg", "precio": "3,25 \u20ac", "oferta": "", "supermercado": "Carrefour"},
{"query": "Caviar", "nombre": "", "imagen_src": "https://static.carrefour.es/hd_350x_/img_pim_food/431606_00_1.jpg", "precio_peso": "", "precio": "", "oferta": "", "supermercado": "Carrefour"},
{"query": "Caviar", "nombre": "", "imagen_src": "https://static.carrefour.es/hd_350x_/imagenes/products/12345/67891/200/1234567891200/imagenGrande1.jpg", "precio_peso": "", "precio": "", "oferta": "", "supermercado": "Carrefour"},
],
[
{"query": "Centollo", "nombre": "Centollo cocido congelado Antalia pieza de 750 g", "imagen_src": "https://static.carrefour.es/hd_350x_/img_pim_food/277100_00_1.jpg", "precio_peso": "13,27 \u20ac/kg", "precio": "9,95 \u20ac", "oferta": "", "supermercado": "Carrefour"},
{"query": "Centollo", "nombre": "Maletin Con Ruedas Para Portatil 14 Centollo Negro Totto N01", "imagen_src": "https://static.carrefour.es/hd_350x_/imagenes/products/77047/58184/045/7704758184045/imagenGrande1.jpg", "precio_peso": "", "precio": "149,99 \u20ac", "oferta": "", "supermercado": "Carrefour"},
],
[
{"query": "Dorada", "nombre": "Dorada de racion Carrefour 600 g aprox", "imagen_src": "https://static.carrefour.es/hd_350x_/img_pim_food/033389_00_1.jpg", "precio_peso": "7,25 \u20ac/kg", "precio": "4,35 \u20ac", "oferta": "", "supermercado": "Carrefour"},
{"query": "Dorada", "nombre": "Dorada Circulo de Calidad 600 g aprox", "imagen_src": "https://static.carrefour.es/hd_350x_/img_pim_food/031139_00_1.jpg", "precio_peso": "13,95 \u20ac/kg", "precio": "8,37 \u20ac", "oferta": "", "supermercado": "Carrefour"},
{"query": "Dorada", "nombre": "61 Dorado Blanco Crianza", "imagen_src": "https://static.carrefour.es/hd_350x_/img_pim_food/051395_00_2_Bodega.jpg", "precio_peso": "8,35 \u20ac/ud", "precio": "8,35 \u20ac", "oferta": "", "supermercado": "Carrefour"},
{"query": "Dorada", "nombre": "Dorada grande 1,3 kg aprox", "imagen_src": "https://static.carrefour.es/hd_350x_/img_pim_food/231980_00_1.jpg", "precio_peso": "13,95 \u20ac/kg", "precio": "18,13 \u20ac", "oferta": "", "supermercado": "Carrefour"},
{"query": "Dorada", "nombre": "", "imagen_src": "https://static.carrefour.es/hd_350x_/img_pim_food/075453_00_1.jpg", "precio_peso": "", "precio": "", "oferta": "", "supermercado": "Carrefour"},
{"query": "Dorada", "nombre": "", "imagen_src": "https://static.carrefour.es/hd_350x_/img_pim_food/278263_00_1.jpg", "precio_peso": "", "precio": "", "oferta": "", "supermercado": "Carrefour"},
],
[
{"query": "Gamba congelada", "nombre": "Gamba pelada pequena congelada Pescatrade 400 g", "imagen_src": "https://static.carrefour.es/hd_350x_/img_pim_food/705088_00_1.jpg", "precio_peso": "17,47 \u20ac/kg", "precio": "6,99 \u20ac", "oferta": "", "supermercado": "Carrefour"},
{"query": "Gamba congelada", "nombre": "Gambas salvajes peladas crudas Carrefour 400 g.", "imagen_src": "https://static.carrefour.es/hd_350x_/img_pim_food/124457_00_1.jpg", "precio_peso": "13,72 \u20ac/kg", "precio": "5,49 \u20ac", "oferta": "", "supermercado": "Carrefour"},
{"query": "Gamba congelada", "nombre": "Gamba pelada grande Pescatrade 400 g", "imagen_src": "https://static.carrefour.es/hd_350x_/img_pim_food/947185_00_1.jpg", "precio_peso": "21,23 \u20ac/kg", "precio": "8,49 \u20ac", "oferta": "", "supermercado": "Carrefour"},
{"query": "Gamba congelada", "nombre": "Gamba pelada congelada 90/110 Antonio y Ricardo 375 g.", "imagen_src": "https://static.carrefour.es/hd_350x_/img_pim_food/841133_00_1.jpg", "precio_peso": "13,84 \u20ac/kg", "precio": "5,19 \u20ac", "oferta": "", "supermercado": "Carrefour"},
{"query": "Gamba congelada", "nombre": "", "imagen_src": "https://static.carrefour.es/hd_350x_/img_pim_food/940931_00_1.jpg", "precio_peso": "", "precio": "11,99 \u20ac", "oferta": "", "supermercado": "Carrefour"},
{"query": "Gamba congelada", "nombre": "", "imagen_src": "https://static.carrefour.es/hd_350x_/img_pim_food/422647_00_1.jpg", "precio_peso": "", "precio": "12,85 \u20ac", "oferta": "", "supermercado": "Carrefour"},
],
[
{"query": "Gamba cruda", "nombre": "Gambas salvajes peladas crudas Carrefour 400 g.", "imagen_src": "https://static.carrefour.es/hd_350x_/img_pim_food/124457_00_1.jpg", "precio_peso": "13,72 \u20ac/kg", "precio": "5,49 \u20ac", "oferta": "", "supermercado": "Carrefour"},
{"query": "Gamba cruda", "nombre": "Gamba blanca cruda Carrefour 400 g.", "imagen_src": "https://static.carrefour.es/hd_350x_/img_pim_food/287102_00_1.jpg", "precio_peso": "16,97 \u20ac/kg", "precio": "6,79 \u20ac", "oferta": "", "supermercado": "Carrefour"},
{"query": "Gamba cruda", "nombre": "Gamba pelada cruda gigante ultracongelada 300 g", "imagen_src": "https://static.carrefour.es/hd_350x_/img_pim_food/468528_00_1.jpg", "precio_peso": "26,33 \u20ac/kg", "precio": "7,90 \u20ac", "oferta": "", "supermercado": "Carrefour"},
],
[
{"query": "Jurel", "nombre": "Julio Jurenito", "imagen_src": "https://static.carrefour.es/hd_350x_/imagenes/products/97884/94027/987/9788494027987/imagenGrande1.jpg", "precio_peso": "", "precio": "17,58 \u20ac", "oferta": "", "supermercado": "Carrefour"},
{"query": "Jurel", "nombre": "Casa Jure Lodge II", "imagen_src": "https://static.carrefour.es/hd_350x_/crs/cdn_static/catalog/hd/710855_00_1.jpg", "precio_peso": "", "precio": "169 \u20ac", "oferta": "", "supermercado": "Carrefour"},
],
[
{"query": "Langostino", "nombre": "Langostino vannamei cocido 60/68 800 g.", "imagen_src": "https://static.carrefour.es/hd_350x_/img_pim_food/287642_00_1.jpg", "precio_peso": "8,06 \u20ac/kg", "precio": "6,45 \u20ac", "oferta": "", "supermercado": "Carrefour"},
{"query": "Langostino", "nombre": "Langostinos crudos 800 g.", "imagen_src": "https://static.carrefour.es/hd_350x_/img_pim_food/897193_00_1.jpg", "precio_peso": "8,06 \u20ac/kg", "precio": "6,45 \u20ac", "oferta": "", "supermercado": "Carrefour"},
{"query": "Langostino", "nombre": "Langostino cocido (30/40 ud) 500 g aprox", "imagen_src": "https://static.carrefour.es/hd_350x_/img_pim_food/391617_00_1.jpg", "precio_peso": "11,95 \u20ac/kg", "precio": "5,97 \u20ac", "oferta": "", "supermercado": "Carrefour"},
{"query": "Langostino", "nombre": "Langostino crudo Carrefour 800 g.", "imagen_src": "https://static.carrefour.es/hd_350x_/img_pim_food/799826_00_1.jpg", "precio_peso": "8,99 \u20ac/kg", "precio": "7,19 \u20ac", "oferta": "", "supermercado": "Carrefour"},
{"query": "Langostino", "nombre": "", "imagen_src": "https://static.carrefour.es/hd_350x_/img_pim_food/287631_00_1.jpg", "precio_peso": "8,99 \u20ac/kg", "precio": "7,19 \u20ac", "oferta": "", "supermercado": "Carrefour"},
{"query": "Langostino", "nombre": "", "imagen_src": "https://static.carrefour.es/hd_350x_/img_pim_food/737177_00_1.jpg", "precio_peso": "24,25 \u20ac/kg", "precio": "4,85 \u20ac", "oferta": "", "supermercado": "Carrefour"},
],
[
{"query": "Lenguado", "nombre": "Filete de lenguado al vacio congelado Delfin 180 g.", "imagen_src": "https://static.carrefour.es/hd_350x_/img_pim_food/317726_00_1.jpg", "precio_peso": "16,06 \u20ac/kg", "precio": "2,89 \u20ac", "oferta": "", "supermercado": "Carrefour"},
{"query": "Lenguado", "nombre": "Lenguado del cabo limpio congelado Extra Carrefour 600 g", "imagen_src": "https://static.carrefour.es/hd_350x_/img_pim_food/714009_00_1.jpg", "precio_peso": "10,75 \u20ac/kg", "precio": "6,45 \u20ac", "oferta": "", "supermercado": "Carrefour"},
{"query": "Lenguado", "nombre": "Tarrito de verduritas con lenguado desde 6 meses Nutriben 235 g.", "imagen_src": "https://static.carrefour.es/hd_350x_/img_pim_food/301631_00_1.jpg", "precio_peso": "4,21 \u20ac/kg", "precio": "0,99 \u20ac", "oferta": "", "supermercado": "Carrefour"},
{"query": "Lenguado", "nombre": "Cuchillo De Lenguado Acero Inoxidable Arcos Maitre 170 Mm Color Negro", "imagen_src": "https://static.carrefour.es/hd_350x_/imagenes/products/84210/02150/609/8421002150609/imagenGrande1.jpg", "precio_peso": "", "precio": "13,50 \u20ac", "oferta": "", "supermercado": "Carrefour"},
{"query": "Lenguado", "nombre": "", "imagen_src": "https://static.carrefour.es/hd_350x_/imagenes/products/84210/02154/706/8421002154706/imagenGrande1.jpg", "precio_peso": "", "precio": "", "oferta": "", "supermercado": "Carrefour"},
{"query": "Lenguado", "nombre": "", "imagen_src": "https://static.carrefour.es/hd_350x_/imagenes/products/84210/02161/407/8421002161407/imagenGrande1.jpg", "precio_peso": "", "precio": "", "oferta": "", "supermercado": "Carrefour"},
],
[
{"query": "Lija", "nombre": "Lija Puntas Harrows Darts Harrows Pro Dart Sharpener", "imagen_src": "https://static.carrefour.es/hd_350x_/imagenes/products/50176/26009/831/5017626009831/imagenGrande1.jpg", "precio_peso": "", "precio": "5 \u20ac", "oferta": "", "supermercado": "Carrefour"},
{"query": "Lija", "nombre": "Lija Recambio Banda 100x914 Mm. Grano 40 (3 Piezas)", "imagen_src": "https://static.carrefour.es/hd_350x_/imagenes/products/84354/50415/814/8435450415814/imagenGrande1.jpg", "precio_peso": "", "precio": "12,53 \u20ac", "oferta": "", "supermercado": "Carrefour"},
{"query": "Lija", "nombre": "Lija Recambio Banda 100x914 Mm. Grano 60 (3 Piezas)", "imagen_src": "https://static.carrefour.es/hd_350x_/imagenes/products/84354/50415/821/8435450415821/imagenGrande1.jpg", "precio_peso": "", "precio": "12,53 \u20ac", "oferta": "", "supermercado": "Carrefour"},
{"query": "Lija", "nombre": "Lija Recambio Banda 100x914 Mm. Grano 80 (3 Piezas)", "imagen_src": "https://static.carrefour.es/hd_350x_/imagenes/products/84354/50415/838/8435450415838/imagenGrande1.jpg", "precio_peso": "", "precio": "12,53 \u20ac", "oferta": "", "supermercado": "Carrefour"},
{"query": "Lija", "nombre": "", "imagen_src": "https://static.carrefour.es/hd_350x_/imagenes/products/84354/50415/845/8435450415845/imagenGrande1.jpg", "precio_peso": "", "precio": "", "oferta": "", "supermercado": "Carrefour"},
{"query": "Lija", "nombre": "", "imagen_src": "https://static.carrefour.es/hd_350x_/imagenes/products/84354/50415/906/8435450415906/imagenGrande1.jpg", "precio_peso": "", "precio": "", "oferta": "", "supermercado": "Carrefour"},
],
[
{"query": "Lucio", "nombre": "Lucio", "imagen_src": "https://static.carrefour.es/hd_350x_/imagenes/products/97884/19228/284/9788419228284/imagenGrande1.jpg", "precio_peso": "", "precio": "18 \u20ac", "oferta": "", "supermercado": "Carrefour"},
{"query": "Lucio", "nombre": "Lucio", "imagen_src": "https://static.carrefour.es/hd_350x_/imagenes/products/97884/93671/754/9788493671754/imagenGrande1.jpg", "precio_peso": "", "precio": "17,10 \u20ac", "oferta": "", "supermercado": "Carrefour"},
{"query": "Lucio", "nombre": "Lucio", "imagen_src": "https://static.carrefour.es/hd_350x_/imagenes/products/97884/98734/096/9788498734096/imagenGrande1.jpg", "precio_peso": "", "precio": "23,75 \u20ac", "oferta": "", "supermercado": "Carrefour"},
{"query": "Lucio", "nombre": "Lucia Y El Sexo", "imagen_src": "https://static.carrefour.es/hd_350x_/imagenes/products/84315/88060/551/8431588060551/imagenGrande1.jpg", "precio_peso": "", "precio": "7 \u20ac", "oferta": "", "supermercado": "Carrefour"},
{"query": "Lucio", "nombre": "", "imagen_src": "https://static.carrefour.es/hd_350x_/imagenes/products/97884/12513/127/9788412513127/imagenGrande1.jpg", "precio_peso": "", "precio": "18,05 \u20ac", "oferta": "", "supermercado": "Carrefour"},
{"query": "Lucio", "nombre": "", "imagen_src": "https://static.carrefour.es/hd_350x_/imagenes/products/97884/16078/950/9788416078950/imagenGrande1.jpg", "precio_peso": "", "precio": "14,16 \u20ac", "oferta": "", "supermercado": "Carrefour"},
],
[
{"query": "Mejill\u00f3n en conserva al natural", "nombre": "Mejillones de las rias gallegas al natural Calvo 69 g.", "imagen_src": "https://static.carrefour.es/hd_350x_/img_pim_food/367281_00_1.jpg", "precio_peso": "29,71 \u20ac/kg", "precio": "2,05 \u20ac", "oferta": "", "supermercado": "Carrefour"},
{"query": "Mejill\u00f3n en conserva al natural", "nombre": "Mejillones al natural 13/18 Isabel sin lactosa 69 g.", "imagen_src": "https://static.carrefour.es/hd_350x_/img_pim_food/617301_00_1.jpg", "precio_peso": "29,71 \u20ac/kg", "precio": "2,05 \u20ac", "oferta": "", "supermercado": "Carrefour"},
{"query": "Mejill\u00f3n en conserva al natural", "nombre": "Mejillones al natural 13/18 Classic Carrefour 69 g.", "imagen_src": "https://static.carrefour.es/hd_350x_/img_pim_food/483112_00_1.jpg", "precio_peso": "15,22 \u20ac/kg", "precio": "1,05 \u20ac", "oferta": "", "supermercado": "Carrefour"},
],
[
],
[
{"query": "Merluza congelada", "nombre": "", "imagen_src": "https://static.carrefour.es/hd_350x_/img_pim_food/926629_00_1.jpg", "precio_peso": "7,22 \u20ac/kg", "precio": "4,33 \u20ac", "oferta": "", "supermercado": "Carrefour"},
{"query": "Merluza congelada", "nombre": "Corazones de filete de merluza congelados Pescanova 500 g.", "imagen_src": "https://static.carrefour.es/hd_350x_/img_pim_food/040488_00_1.jpg", "precio_peso": "11,30 \u20ac/kg", "precio": "5,65 \u20ac", "oferta": "", "supermercado": "Carrefour"},
{"query": "Merluza congelada", "nombre": "Filete de merluza Argentina congelada Carrefour 1 kg.", "imagen_src": "https://static.carrefour.es/hd_350x_/img_pim_food/954297_00_1.jpg", "precio_peso": "7,44 \u20ac/kg", "precio": "7,44 \u20ac", "oferta": "", "supermercado": "Carrefour"},
{"query": "Merluza congelada", "nombre": "Medallones de merluza argentina congelados Carrefour 480 g.", "imagen_src": "https://static.carrefour.es/hd_350x_/img_pim_food/144320_00_1.jpg", "precio_peso": "7,19 \u20ac/kg", "precio": "3,45 \u20ac", "oferta": "", "supermercado": "Carrefour"},
{"query": "Merluza congelada", "nombre": "", "imagen_src": "https://static.carrefour.es/hd_350x_/img_pim_food/003305_00_1.jpg", "precio_peso": "", "precio": "", "oferta": "", "supermercado": "Carrefour"},
{"query": "Merluza congelada", "nombre": "", "imagen_src": "https://static.carrefour.es/hd_350x_/img_pim_food/003303_00_1.jpg", "precio_peso": "", "precio": "", "oferta": "", "supermercado": "Carrefour"},
],
[
{"query": "Mero", "nombre": "Mero Cristianismo", "imagen_src": "https://static.carrefour.es/hd_350x_/imagenes/products/97884/32147/579/9788432147579/imagenGrande1.jpg", "precio_peso": "", "precio": "16,15 \u20ac", "oferta": "", "supermercado": "Carrefour"},
{"query": "Mero", "nombre": "Meross Regleta Inteligente 4 Tomas De Corriente Y 4 Puertos Usb Compatible Con Apple Homekit, Google Y Alexa", "imagen_src": "https://static.carrefour.es/hd_350x_/imagenes/products/06803/06682/775/0680306682775/imagenGrande1.jpg", "precio_peso": "", "precio": "44,99 \u20ac", "oferta": "", "supermercado": "Carrefour"},
{"query": "Mero", "nombre": "Meross Enchufe Inteligente 16a, 3680w Compatible Con Apple Homekit, Google Y Alexa", "imagen_src": "https://static.carrefour.es/hd_350x_/imagenes/products/06803/06685/813/0680306685813/imagenGrande1.jpg", "precio_peso": "", "precio": "18,98 \u20ac", "oferta": "", "supermercado": "Carrefour"},
{"query": "Mero", "nombre": "Meross Luz De Ambiente Wifi Compatible Con Apple Homekit, Google Y Alexa", "imagen_src": "https://static.carrefour.es/hd_350x_/imagenes/products/69736/96560/483/6973696560483/imagenGrande1.jpg", "precio_peso": "", "precio": "44,99 \u20ac", "oferta": "", "supermercado": "Carrefour"},
{"query": "Mero", "nombre": "", "imagen_src": "https://static.carrefour.es/hd_350x_/imagenes/products/84348/66215/308/8434866215308/imagenGrande1.jpg", "precio_peso": "", "precio": "", "oferta": "", "supermercado": "Carrefour"},
{"query": "Mero", "nombre": "", "imagen_src": "https://static.carrefour.es/hd_350x_/imagenes/products/84348/66215/339/8434866215339/imagenGrande1.jpg", "precio_peso": "", "precio": "", "oferta": "", "supermercado": "Carrefour"},
],
[
{"query": "M\u00fajol", "nombre": "Sucedaneo de caviar Mujjol Shikran sin gluten 80 g.", "imagen_src": "https://static.carrefour.es/hd_350x_/img_pim_food/328315_00_1.jpg", "precio_peso": "62,37 \u20ac/kg", "precio": "4,99 \u20ac", "oferta": "", "supermercado": "Carrefour"},
{"query": "M\u00fajol", "nombre": "Sucedaneo de caviar Mujjol Shikran Rojo sin gluten 80 g.", "imagen_src": "https://static.carrefour.es/hd_350x_/img_pim_food/805342_00_1.jpg", "precio_peso": "62,37 \u20ac/kg", "precio": "4,99 \u20ac", "oferta": "", "supermercado": "Carrefour"},
],
[
{"query": "Ostra", "nombre": "Ostras Pedrin Blanco 2019", "imagen_src": "https://static.carrefour.es/hd_350x_/img_pim_food/303809_00_2_Bodega.jpg", "precio_peso": "9,89 \u20ac/ud", "precio": "9,89 \u20ac", "oferta": "", "supermercado": "Carrefour"},
{"query": "Ostra", "nombre": "Salsa de ostras Yang-Tse sin lactosa botella 150 ml.", "imagen_src": "https://static.carrefour.es/hd_350x_/img_pim_food/341396_00_1.jpg", "precio_peso": "16,33 \u20ac/l", "precio": "2,45 \u20ac", "oferta": "", "supermercado": "Carrefour"},
{"query": "Ostra", "nombre": "Salsa de ostras Ibsa botella 285 g.", "imagen_src": "https://static.carrefour.es/hd_350x_/img_pim_food/046881_00_1.jpg", "precio_peso": "8,25 \u20ac/kg", "precio": "2,35 \u20ac", "oferta": "", "supermercado": "Carrefour"},
{"query": "Ostra", "nombre": "Abre-ostras Acero Inoxidable Arcos Universal 60 Mm Color Negro", "imagen_src": "https://static.carrefour.es/hd_350x_/imagenes/products/84210/02289/040/8421002289040/imagenGrande1.jpg", "precio_peso": "", "precio": "14,36 \u20ac", "oferta": "", "supermercado": "Carrefour"},
{"query": "Ostra", "nombre": "", "imagen_src": "https://static.carrefour.es/hd_350x_/imagenes/products/84210/02277/207/8421002277207/imagenGrande1.jpg", "precio_peso": "", "precio": "", "oferta": "", "supermercado": "Carrefour"},
{"query": "Ostra", "nombre": "", "imagen_src": "https://static.carrefour.es/hd_350x_/imagenes/products/84353/04847/259/8435304847259/imagenGrande1.jpg", "precio_peso": "", "precio": "", "oferta": "", "supermercado": "Carrefour"},
],
[
{"query": "Palometa", "nombre": "Luz De Trabajo Led Recargable Con Palometa 21x25x5 Cm Smartwares", "imagen_src": "https://static.carrefour.es/hd_350x_/imagenes/products/87113/87507/823/8711387507823/imagenGrande1.jpg", "precio_peso": "", "precio": "35,04 \u20ac", "oferta": "", "supermercado": "Carrefour"},
],
[
{"query": "Perca", "nombre": "Percarbonato blanqueante Carrefour Expert 750 g.", "imagen_src": "https://static.carrefour.es/hd_350x_/img_pim_food/747910_00_1.jpg", "precio_peso": "2,59 \u20ac/kg", "precio": "1,94 \u20ac", "oferta": "", "supermercado": "Carrefour"},
{"query": "Perca", "nombre": "Perca en filete 1 kg aprox", "imagen_src": "https://static.carrefour.es/hd_350x_/img_pim_food/146799_00_1.jpg", "precio_peso": "15,95 \u20ac/kg", "precio": "15,95 \u20ac", "oferta": "", "supermercado": "Carrefour"},
{"query": "Perca", "nombre": "Perc Taladro. Sbe750re Aeg", "imagen_src": "https://static.carrefour.es/hd_350x_/imagenes/products/40023/95247/875/4002395247875/imagenGrande1.jpg", "precio_peso": "", "precio": "125,57 \u20ac", "oferta": "", "supermercado": "Carrefour"},
{"query": "Perca", "nombre": "Meizu, Autofoto Perca, Azul", "imagen_src": "https://static.carrefour.es/hd_350x_/imagenes/products/69375/20016/249/6937520016249/imagenGrande1.jpg", "precio_peso": "", "precio": "14,79 \u20ac", "oferta": "", "supermercado": "Carrefour"},
{"query": "Perca", "nombre": "", "imagen_src": "https://static.carrefour.es/hd_350x_/imagenes/products/69243/28342/182/6924328342182/imagenGrande1.jpg", "precio_peso": "", "precio": "280,62 \u20ac", "oferta": "", "supermercado": "Carrefour"},
{"query": "Perca", "nombre": "", "imagen_src": "https://static.carrefour.es/hd_350x_/imagenes/products/50350/48643/723/5035048643723/imagenGrande1.jpg", "precio_peso": "", "precio": "183,05 \u20ac", "oferta": "", "supermercado": "Carrefour"},
],
[
{"query": "Percebe ", "nombre": "13, Rue Del Percebe (super Humor Mortadelo 35)", "imagen_src": "https://static.carrefour.es/hd_350x_/imagenes/products/97884/02422/200/9788402422200/imagenGrande1.jpg", "precio_peso": "", "precio": "17,95 \u20ac", "oferta": "", "supermercado": "Carrefour"},
{"query": "Percebe ", "nombre": "13, Rue Del Percebe", "imagen_src": "https://static.carrefour.es/hd_350x_/imagenes/products/97884/02422/705/9788402422705/imagenGrande1.jpg", "precio_peso": "", "precio": "19,85 \u20ac", "oferta": "", "supermercado": "Carrefour"},
{"query": "Percebe ", "nombre": "13, Rue Del Percebe (ole! Mortadelo 20)", "imagen_src": "https://static.carrefour.es/hd_350x_/imagenes/products/97884/02424/228/9788402424228/imagenGrande1.jpg", "precio_peso": "", "precio": "5,61 \u20ac", "oferta": "", "supermercado": "Carrefour"},
{"query": "Percebe ", "nombre": "La Rue Del Percebe De La Cultura: Y La Niebla De La Cultura Digital", "imagen_src": "https://static.carrefour.es/hd_350x_/imagenes/products/97884/16205/110/9788416205110/imagenGrande1.jpg", "precio_peso": "", "precio": "13,30 \u20ac", "oferta": "", "supermercado": "Carrefour"},
{"query": "Percebe ", "nombre": "", "imagen_src": "https://static.carrefour.es/hd_350x_/imagenes/products/97885/24921/315/9788524921315/imagenGrande1.jpg", "precio_peso": "", "precio": "12,84 \u20ac", "oferta": "", "supermercado": "Carrefour"},
{"query": "Percebe ", "nombre": "", "imagen_src": "https://static.carrefour.es/hd_350x_/imagenes/products/97884/92462/599/9788492462599/imagenGrande1.jpg", "precio_peso": "", "precio": "20,90 \u20ac", "oferta": "", "supermercado": "Carrefour"},
],
[
{"query": "Pescadilla", "nombre": "Pescadilla fina 800 g aprox", "imagen_src": "https://static.carrefour.es/hd_350x_/img_pim_food/235048_00_1.jpg", "precio_peso": "4,99 \u20ac/kg", "precio": "3,99 \u20ac", "oferta": "", "supermercado": "Carrefour"},
{"query": "Pescadilla", "nombre": "Pescadilla de pincho 1,8 kg aprox", "imagen_src": "https://static.carrefour.es/hd_350x_/img_pim_food/235058_00_1.jpg", "precio_peso": "7,95 \u20ac/kg", "precio": "14,31 \u20ac", "oferta": "", "supermercado": "Carrefour"},
{"query": "Pescadilla", "nombre": "Pescadilla 2,5 kg aprox", "imagen_src": "https://static.carrefour.es/hd_350x_/img_pim_food/058122_00_1.jpg", "precio_peso": "7,99 \u20ac/kg", "precio": "19,97 \u20ac", "oferta": "", "supermercado": "Carrefour"},
{"query": "Pescadilla", "nombre": "Tarritos Buenas Noches Verdura con Pescadilla a la Crema Hero Baby 6x190 grs", "imagen_src": "https://static.carrefour.es/hd_350x_/img_pim_food/590525_00_1.jpg", "precio_peso": "5,79 \u20ac/kg", "precio": "6,95 \u20ac", "oferta": "", "supermercado": "Carrefour"},
{"query": "Pescadilla", "nombre": "", "imagen_src": "https://static.carrefour.es/hd_350x_/img_pim_food/529324_00_1.jpg", "precio_peso": "", "precio": "", "oferta": "", "supermercado": "Carrefour"},
],
[
{"query": "Pez espada", "nombre": "Rodaja de pez espada congelada 300 g aprox", "imagen_src": "https://static.carrefour.es/hd_350x_/img_pim_food/696042_00_1.jpg", "precio_peso": "18,30 \u20ac/kg", "precio": "5,49 \u20ac", "oferta": "", "supermercado": "Carrefour"},
{"query": "Pez espada", "nombre": "Pez espada 1,2 Kg aprox", "imagen_src": "https://static.carrefour.es/hd_350x_/img_pim_food/033453_00_1.jpg", "precio_peso": "17,99 \u20ac/kg", "precio": "21,59 \u20ac", "oferta": "", "supermercado": "Carrefour"},
{"query": "Pez espada", "nombre": "Ventresca De Pez Espada En Aceite De Oliva", "imagen_src": "https://static.carrefour.es/hd_350x_/imagenes/products/84370/11975/041/8437011975041/imagenGrande1.jpg", "precio_peso": "", "precio": "7,25 \u20ac", "oferta": "", "supermercado": "Carrefour"},
{"query": "Pez espada", "nombre": "Lomos De Pez Espada En Aceite De Oliva", "imagen_src": "https://static.carrefour.es/hd_350x_/imagenes/products/84370/11975/089/8437011975089/imagenGrande1.jpg", "precio_peso": "", "precio": "9,95 \u20ac", "oferta": "", "supermercado": "Carrefour"},
{"query": "Pez espada", "nombre": "", "imagen_src": "https://static.carrefour.es/hd_350x_/imagenes/products/21000/00250/036/2100000250036/imagenGrande1.jpg", "precio_peso": "", "precio": "19,50 \u20ac", "oferta": "", "supermercado": "Carrefour"},
{"query": "Pez espada", "nombre": "", "imagen_src": "https://static.carrefour.es/hd_350x_/imagenes/products/21000/00250/037/2100000250037/imagenGrande1.jpg", "precio_peso": "", "precio": "74,85 \u20ac", "oferta": "", "supermercado": "Carrefour"},
],
[
{"query": "Platija", "nombre": "QUADERN MONTESSORI DE EXPERIENCIES A LA PLATJA I EL MAR LAROUSSE MONTESSORI", "imagen_src": "https://static.carrefour.es/hd_350x_/crs/cdn_static/catalog/hd/492445_00_1.jpg", "precio_peso": "", "precio": "13,25 \u20ac", "oferta": "", "supermercado": "Carrefour"},
{"query": "Platija", "nombre": "AVENTURA A LA PLATJA 3 ANYS BARCANOVA", "imagen_src": "https://static.carrefour.es/hd_350x_/crs/cdn_static/catalog/hd/862455_00_1.jpg", "precio_peso": "", "precio": "13,25 \u20ac", "oferta": "", "supermercado": "Carrefour"},
{"query": "Platija", "nombre": "L'ona I La Platja", "imagen_src": "https://static.carrefour.es/hd_350x_/imagenes/products/97884/12216/219/9788412216219/imagenGrande1.jpg", "precio_peso": "", "precio": "11,40 \u20ac", "oferta": "", "supermercado": "Carrefour"},
{"query": "Platija", "nombre": "N?esteisi Va A La Platja * N?esteisi Es Fa Pipi Al Llit: Les Aventures De N?esteisi I En Pimiento 2", "imagen_src": "https://static.carrefour.es/hd_350x_/imagenes/products/97884/17383/688/9788417383688/imagenGrande1.jpg", "precio_peso": "", "precio": "4,28 \u20ac", "oferta": "", "supermercado": "Carrefour"},
{"query": "Platija", "nombre": "La Platja Dels Inutils", "imagen_src": "https://static.carrefour.es/hd_350x_/imagenes/products/97884/17440/312/9788417440312/imagenGrande1.jpg", "precio_peso": "", "precio": "13,78 \u20ac", "oferta": "", "supermercado": "Carrefour"},
{"query": "Platija", "nombre": "Gos Pudent Va A La Platja", "imagen_src": "https://static.carrefour.es/hd_350x_/imagenes/products/97884/18187/841/9788418187841/imagenGrande1.jpg", "precio_peso": "", "precio": "12,26 \u20ac", "oferta": "", "supermercado": "Carrefour"},
],
[
{"query": "Rape", "nombre": "Rape blanco 2,5 kg aprox", "imagen_src": "https://static.carrefour.es/hd_350x_/img_pim_food/234989_00_1.jpg", "precio_peso": "7,95 \u20ac/kg", "precio": "19,87 \u20ac", "oferta": "", "supermercado": "Carrefour"},
{"query": "Rape", "nombre": "Cola de rape chino congelado 800 g", "imagen_src": "https://static.carrefour.es/hd_350x_/img_pim_food/334477_00_1.jpg", "precio_peso": "7,86 \u20ac/kg", "precio": "6,29 \u20ac", "oferta": "", "supermercado": "Carrefour"},
{"query": "Rape", "nombre": "Filete rape sin piel ultracongelado Pescanova 250 g.", "imagen_src": "https://static.carrefour.es/hd_350x_/img_pim_food/046301_00_1.jpg", "precio_peso": "41 \u20ac/kg", "precio": "10,25 \u20ac", "oferta": "", "supermercado": "Carrefour"},
{"query": "Rape", "nombre": "Cabeza de rape 1 kg aprox", "imagen_src": "https://static.carrefour.es/hd_350x_/img_pim_food/234565_00_1.jpg", "precio_peso": "4,50 \u20ac/kg", "precio": "4,50 \u20ac", "oferta": "", "supermercado": "Carrefour"},
{"query": "Rape", "nombre": "", "imagen_src": "https://static.carrefour.es/hd_350x_/img_pim_food/401068_00_1.jpg", "precio_peso": "", "precio": "", "oferta": "", "supermercado": "Carrefour"},
{"query": "Rape", "nombre": "", "imagen_src": "https://static.carrefour.es/hd_350x_/imagenes/products/97884/17233/402/9788417233402/imagenGrande1.jpg", "precio_peso": "", "precio": "", "oferta": "", "supermercado": "Carrefour"},
],
[
{"query": "Sardina enlatada en aceite", "nombre": "Sardinas en aceite de oliva bajo en sal Calvo 84 g.", "imagen_src": "https://static.carrefour.es/hd_350x_/img_pim_food/486926_00_1.jpg", "precio_peso": "19,52 \u20ac/kg", "precio": "1,64 \u20ac", "oferta": "", "supermercado": "Carrefour"},
{"query": "Sardina enlatada en aceite", "nombre": "Sardinas en aceite de oliva Albo 120 g.", "imagen_src": "https://static.carrefour.es/hd_350x_/img_pim_food/046855_00_1.jpg", "precio_peso": "23,41 \u20ac/kg", "precio": "1,99 \u20ac", "oferta": "", "supermercado": "Carrefour"},
{"query": "Sardina enlatada en aceite", "nombre": "Filetes de sardina en aceite de oliva Calvo 75 g.", "imagen_src": "https://static.carrefour.es/hd_350x_/img_pim_food/509957_00_1.jpg", "precio_peso": "34,53 \u20ac/kg", "precio": "2,59 \u20ac", "oferta": "", "supermercado": "Carrefour"},
{"query": "Sardina enlatada en aceite", "nombre": "Sardinas en aceite de oliva Cuca 120 g.", "imagen_src": "https://static.carrefour.es/hd_350x_/img_pim_food/027667_00_1.jpg", "precio_peso": "29,29 \u20ac/kg", "precio": "2,49 \u20ac", "oferta": "", "supermercado": "Carrefour"},
{"query": "Sardina enlatada en aceite", "nombre": "", "imagen_src": "https://static.carrefour.es/hd_350x_/img_pim_food/839325_00_1.jpg", "precio_peso": "", "precio": "3,09 \u20ac", "oferta": "", "supermercado": "Carrefour"},
{"query": "Sardina enlatada en aceite", "nombre": "", "imagen_src": "https://static.carrefour.es/hd_350x_/img_pim_food/513804_00_1.jpg", "precio_peso": "", "precio": "1,49 \u20ac", "oferta": "", "supermercado": "Carrefour"},
],
[
{"query": "Sardina enlatada en escabeche", "nombre": "Sardinas en escabeche Isabel 115 g.", "imagen_src": "https://static.carrefour.es/hd_350x_/img_pim_food/002588_00_1.jpg", "precio_peso": "18,40 \u20ac/kg", "precio": "1,49 \u20ac", "oferta": "", "supermercado": "Carrefour"},
{"query": "Sardina enlatada en escabeche", "nombre": "Sardinas en escabeche De Nuestra Tierra 80 g.", "imagen_src": "https://static.carrefour.es/hd_350x_/img_pim_food/012122_00_1.jpg", "precio_peso": "21,12 \u20ac/kg", "precio": "1,69 \u20ac", "oferta": "", "supermercado": "Carrefour"},
{"query": "Sardina enlatada en escabeche", "nombre": "Sardinas en escabeche Cuca 120 g.", "imagen_src": "https://static.carrefour.es/hd_350x_/img_pim_food/027670_00_1.jpg", "precio_peso": "29,29 \u20ac/kg", "precio": "2,49 \u20ac", "oferta": "", "supermercado": "Carrefour"},
],
[
{"query": "Sargo", "nombre": "Mantel Sarga Xian", "imagen_src": "https://static.carrefour.es/hd_350x_/imagenes/products/84205/13680/940/8420513680940/imagenGrande1.jpg", "precio_peso": "", "precio": "31,90 \u20ac", "oferta": "", "supermercado": "Carrefour"},
{"query": "Sargo", "nombre": "Mantel Sarga Xian", "imagen_src": "https://static.carrefour.es/hd_350x_/imagenes/products/84205/13680/902/8420513680902/imagenGrande1.jpg", "precio_peso": "", "precio": "28,90 \u20ac", "oferta": "", "supermercado": "Carrefour"},
{"query": "Sargo", "nombre": "Mantel Sarga Emma", "imagen_src": "https://static.carrefour.es/hd_350x_/imagenes/products/84205/13684/641/8420513684641/imagenGrande1.jpg", "precio_peso": "", "precio": "28,90 \u20ac", "oferta": "", "supermercado": "Carrefour"},
{"query": "Sargo", "nombre": "Mantel Sarga Emma", "imagen_src": "https://static.carrefour.es/hd_350x_/imagenes/products/84205/13684/658/8420513684658/imagenGrande1.jpg", "precio_peso": "", "precio": "31,90 \u20ac", "oferta": "", "supermercado": "Carrefour"},
{"query": "Sargo", "nombre": "", "imagen_src": "https://static.carrefour.es/hd_350x_/imagenes/products/84205/13684/726/8420513684726/imagenGrande1.jpg", "precio_peso": "", "precio": "", "oferta": "", "supermercado": "Carrefour"},
{"query": "Sargo", "nombre": "", "imagen_src": "https://static.carrefour.es/hd_350x_/imagenes/products/84205/13684/733/8420513684733/imagenGrande1.jpg", "precio_peso": "", "precio": "", "oferta": "", "supermercado": "Carrefour"},
],
[
{"query": "Tenca", "nombre": "Tenicas Para Que Los Ninos Coman De Todo", "imagen_src": "https://static.carrefour.es/hd_350x_/imagenes/products/97884/12241/372/9788412241372/imagenGrande1.jpg", "precio_peso": "", "precio": "16,63 \u20ac", "oferta": "", "supermercado": "Carrefour"},
{"query": "Tenca", "nombre": "Memoria, Verdad Y Justicia En Democracia: De La Impunidad Politica A La Impunidad Tenica", "imagen_src": "https://static.carrefour.es/hd_350x_/imagenes/products/97898/71371/488/9789871371488/imagenGrande1.jpg", "precio_peso": "", "precio": "19,95 \u20ac", "oferta": "", "supermercado": "Carrefour"},
],
[
{"query": "Trucha", "nombre": "Trucha asalmonada Circulo de Calidad 600 g aprox", "imagen_src": "https://static.carrefour.es/hd_350x_/img_pim_food/349382_00_1.jpg", "precio_peso": "7,75 \u20ac/kg", "precio": "4,65 \u20ac", "oferta": "", "supermercado": "Carrefour"},
{"query": "Trucha", "nombre": "Trucha ahumada arco iris en lonchas Carrefour 100 g.", "imagen_src": "https://static.carrefour.es/hd_350x_/img_pim_food/075169_00_1.jpg", "precio_peso": "31,90 \u20ac/kg", "precio": "3,19 \u20ac", "oferta": "", "supermercado": "Carrefour"},
{"query": "Trucha", "nombre": "2 x Begonia Trucha - Altura: 40 Cm - Begonia Maculata \"wightii\"", "imagen_src": "https://static.carrefour.es/hd_350x_/imagenes/products/42517/21209/258/4251721209258/imagenGrande1.jpg", "precio_peso": "", "precio": "46,95 \u20ac", "oferta": "", "supermercado": "Carrefour"},
{"query": "Trucha", "nombre": "Las Truchas", "imagen_src": "https://static.carrefour.es/hd_350x_/imagenes/products/84360/27576/686/8436027576686/imagenGrande1.jpg", "precio_peso": "", "precio": "4,94 \u20ac", "oferta": "", "supermercado": "Carrefour"},
{"query": "Trucha", "nombre": "", "imagen_src": "https://static.carrefour.es/hd_350x_/imagenes/products/21000/00181/360/2100000181360/imagenGrande1.jpg", "precio_peso": "", "precio": "", "oferta": "", "supermercado": "Carrefour"},
{"query": "Trucha", "nombre": "", "imagen_src": "https://static.carrefour.es/hd_350x_/imagenes/products/97884/18002/335/9788418002335/imagenGrande1.jpg", "precio_peso": "", "precio": "", "oferta": "", "supermercado": "Carrefour"},
],
[
{"query": "Vieira", "nombre": "Carne de vieira cruda congelada Carrefour 320 g", "imagen_src": "https://static.carrefour.es/hd_350x_/img_pim_food/792510_00_1.jpg", "precio_peso": "42,19 \u20ac/kg", "precio": "13,50 \u20ac", "oferta": "", "supermercado": "Carrefour"},
{"query": "Vieira", "nombre": "Vieira: Mistico Da Acao Global", "imagen_src": "https://static.carrefour.es/hd_350x_/imagenes/products/97898/92622/200/9789892622200/imagenGrande1.jpg", "precio_peso": "", "precio": "17,71 \u20ac", "oferta": "", "supermercado": "Carrefour"},
{"query": "Vieira", "nombre": "Vieira De Almeida Office: Fidelidade Property", "imagen_src": "https://static.carrefour.es/hd_350x_/imagenes/products/97898/98875/105/9789898875105/imagenGrande1.jpg", "precio_peso": "", "precio": "39,43 \u20ac", "oferta": "", "supermercado": "Carrefour"},
{"query": "Vieira", "nombre": "Mejillones en salsa de vieira Calvo 65g", "imagen_src": "https://static.carrefour.es/hd_350x_/img_pim_food/457408_00_1.jpg", "precio_peso": "28,84 \u20ac/kg", "precio": "1,99 \u20ac", "oferta": "", "supermercado": "Carrefour"},
{"query": "Vieira", "nombre": "", "imagen_src": "https://static.carrefour.es/hd_350x_/img_pim_food/049282_00_1.jpg", "precio_peso": "", "precio": "2,05 \u20ac", "oferta": "", "supermercado": "Carrefour"},
{"query": "Vieira", "nombre": "", "imagen_src": "https://static.carrefour.es/hd_350x_/img_pim_food/035306_00_1.jpg", "precio_peso": "", "precio": "3,05 \u20ac", "oferta": "", "supermercado": "Carrefour"},
],
[
{"query": "Vieja", "nombre": "Campo Viejo Tinto Crianza 2017", "imagen_src": "https://static.carrefour.es/hd_350x_/img_pim_food/048266_00_2_Bodega.jpg", "precio_peso": "5,49 \u20ac/ud", "precio": "5,49 \u20ac", "oferta": "", "supermercado": "Carrefour"},
{"query": "Vieja", "nombre": "Campo Viejo Tinto Reserva 2014", "imagen_src": "https://static.carrefour.es/hd_350x_/img_pim_food/133346_00_2_Bodega.jpg", "precio_peso": "8,85 \u20ac/ud", "precio": "8,85 \u20ac", "oferta": "", "supermercado": "Carrefour"},
{"query": "Vieja", "nombre": "Campo Viejo Vendimia Seleccionada Tinto Crianza 2017", "imagen_src": "https://static.carrefour.es/hd_350x_/img_pim_food/935966_00_2_Bodega.jpg", "precio_peso": "6,19 \u20ac/ud", "precio": "6,19 \u20ac", "oferta": "", "supermercado": "Carrefour"},
{"query": "Vieja", "nombre": "Campo Viejo Tinto Gran Reserva 2012", "imagen_src": "https://static.carrefour.es/hd_350x_/img_pim_food/133345_00_2_Bodega.jpg", "precio_peso": "13,49 \u20ac/ud", "precio": "13,49 \u20ac", "oferta": "", "supermercado": "Carrefour"},
{"query": "Vieja", "nombre": "", "imagen_src": "https://static.carrefour.es/hd_350x_/img_pim_food/782014_00_2_Bodega.jpg", "precio_peso": "", "precio": "5,89 \u20ac", "oferta": "", "supermercado": "Carrefour"},
{"query": "Vieja", "nombre": "", "imagen_src": "https://static.carrefour.es/hd_350x_/img_pim_food/048819_00_2_Bodega.jpg", "precio_peso": "", "precio": "5,89 \u20ac", "oferta": "", "supermercado": "Carrefour"},
],
[
{"query": "Volador", "nombre": "Insecticida volador electrico antimosquitos comun y tigre aparato + recambio Bloom 1 ud", "imagen_src": "https://static.carrefour.es/hd_350x_/img_pim_food/795116_00_1.jpg", "precio_peso": "6,99 \u20ac/ud", "precio": "6,99 \u20ac", "oferta": "", "supermercado": "Carrefour"},
{"query": "Volador", "nombre": "Buho Volador - Ahuyentador Eolico contra Pajaros", "imagen_src": "https://static.carrefour.es/hd_350x_/crs/cdn_static/catalog/hd/272063_00_1.jpg", "precio_peso": "", "precio": "32 \u20ac", "oferta": "", "supermercado": "Carrefour"},
{"query": "Volador", "nombre": "Sillas Voladoras Moviles", "imagen_src": "https://static.carrefour.es/hd_350x_/imagenes/products/57066/02043/319/5706602043319/imagenGrande1.jpg", "precio_peso": "", "precio": "32,99 \u20ac", "oferta": "", "supermercado": "Carrefour"},
{"query": "Volador", "nombre": "Pertol Insecticida Voladores Y Rastreros Listo Para Usar Pack 12 X 500 Ml", "imagen_src": "https://static.carrefour.es/hd_350x_/imagenes/products/21000/00232/925/2100000232925/imagenGrande1.jpg", "precio_peso": "", "precio": "116,60 \u20ac", "oferta": "", "supermercado": "Carrefour"},
{"query": "Volador", "nombre": "", "imagen_src": "https://static.carrefour.es/hd_350x_/imagenes/products/21000/00232/939/2100000232939/imagenGrande1.jpg", "precio_peso": "", "precio": "", "oferta": "", "supermercado": "Carrefour"},
{"query": "Volador", "nombre": "", "imagen_src": "https://static.carrefour.es/hd_350x_/imagenes/products/48998/88145/462/4899888145462/imagenGrande1.jpg", "precio_peso": "", "precio": "", "oferta": "", "supermercado": "Carrefour"},
],
[
],
[
{"query": "Cebollino ", "nombre": "Cebollino fresco cortado Carrefour 20 g", "imagen_src": "https://static.carrefour.es/hd_350x_/img_pim_food/350565_00_1.jpg", "precio_peso": "57,50 \u20ac/kg", "precio": "1,15 \u20ac", "oferta": "", "supermercado": "Carrefour"},
{"query": "Cebollino ", "nombre": "Cebollino manojo de 175 g", "imagen_src": "https://static.carrefour.es/hd_350x_/img_pim_food/697282_00_1.jpg", "precio_peso": "9,66 \u20ac/kg", "precio": "1,69 \u20ac", "oferta": "", "supermercado": "Carrefour"},
{"query": "Cebollino ", "nombre": "Cebollino Gourmet - Maceta De 10,5cm - Eco", "imagen_src": "https://static.carrefour.es/hd_350x_/imagenes/products/21000/00194/879/2100000194879/imagenGrande1.jpg", "precio_peso": "", "precio": "27,85 \u20ac", "oferta": "", "supermercado": "Carrefour"},
{"query": "Cebollino ", "nombre": "Tortitas de maiz con olivas y cebollino Bicentury 124 g.", "imagen_src": "https://static.carrefour.es/hd_350x_/img_pim_food/763745_00_1.jpg", "precio_peso": "12,98 \u20ac/kg", "precio": "1,61 \u20ac", "oferta": "", "supermercado": "Carrefour"},
{"query": "Cebollino ", "nombre": "", "imagen_src": "https://static.carrefour.es/hd_350x_/imagenes/products/47427/93007/540/4742793007540/imagenGrande1.jpg", "precio_peso": "", "precio": "13,63 \u20ac", "oferta": "", "supermercado": "Carrefour"},
{"query": "Cebollino ", "nombre": "", "imagen_src": "https://static.carrefour.es/hd_350x_/imagenes/products/84146/06840/007/8414606840007/imagenGrande1.jpg", "precio_peso": "", "precio": "10,79 \u20ac", "oferta": "", "supermercado": "Carrefour"},
],
[
{"query": "Col rizada", "nombre": "Kale Carrefour 200 g", "imagen_src": "https://static.carrefour.es/hd_350x_/img_pim_food/860113_00_1.jpg", "precio_peso": "6,75 \u20ac/kg", "precio": "1,35 \u20ac", "oferta": "", "supermercado": "Carrefour"},
{"query": "Col rizada", "nombre": "Biotona Col Rizada En Polvo- Kale Raw Powder 120", "imagen_src": "https://static.carrefour.es/hd_350x_/imagenes/products/54123/60010/806/5412360010806/imagenGrande1.jpg", "precio_peso": "", "precio": "15,04 \u20ac", "oferta": "", "supermercado": "Carrefour"},
{"query": "Col rizada", "nombre": "Vilmorin Jardin Bio Semillas De Col Rizada (kale) Sobre 1 Gr", "imagen_src": "https://static.carrefour.es/hd_350x_/imagenes/products/31826/70276/507/3182670276507/imagenGrande1.jpg", "precio_peso": "", "precio": "2,40 \u20ac", "oferta": "", "supermercado": "Carrefour"},
{"query": "Col rizada", "nombre": "Kale manojo de 300 g", "imagen_src": "https://static.carrefour.es/hd_350x_/img_pim_food/890109_00_1.jpg", "precio_peso": "5,97 \u20ac/kg", "precio": "1,79 \u20ac", "oferta": "", "supermercado": "Carrefour"},
{"query": "Col rizada", "nombre": "", "imagen_src": "https://static.carrefour.es/hd_350x_/imagenes/products/84365/85381/265/8436585381265/imagenGrande1.jpg", "precio_peso": "", "precio": "42,34 \u20ac", "oferta": "", "supermercado": "Carrefour"},
{"query": "Col rizada", "nombre": "", "imagen_src": "https://static.carrefour.es/hd_350x_/imagenes/products/97884/18594/342/9788418594342/imagenGrande1.jpg", "precio_peso": "", "precio": "12,30 \u20ac", "oferta": "", "supermercado": "Carrefour"},
],
[
{"query": "Salsa vinagreta", "nombre": "", "imagen_src": "https://static.carrefour.es/hd_350x_/imagenes/products/84355/27818/135/8435527818135/imagenGrande1.jpg", "precio_peso": "", "precio": "14,14 \u20ac", "oferta": "", "supermercado": "Carrefour"},
],
[
{"query": "Salsa siciliana", "nombre": "Salsa pesto siciliana Barilla sin gluten 190 g.", "imagen_src": "https://static.carrefour.es/hd_350x_/img_pim_food/231081_00_1.jpg", "precio_peso": "15,74 \u20ac/kg", "precio": "2,99 \u20ac", "oferta": "", "supermercado": "Carrefour"},
],
[
{"query": "Salsa napolitana", "nombre": "Salsa napolitana Barilla sin gluten y sin lactosa tarro 400 g.", "imagen_src": "https://static.carrefour.es/hd_350x_/img_pim_food/047506_00_1.jpg", "precio_peso": "7,62 \u20ac/kg", "precio": "3,05 \u20ac", "oferta": "", "supermercado": "Carrefour"},
],
[
{"query": "Salsa carbonara", "nombre": "Salsa carbonara Classic Carrefour sin gluten 300 g.", "imagen_src": "https://static.carrefour.es/hd_350x_/img_pim_food/238074_00_1.jpg", "precio_peso": "3,53 \u20ac/kg", "precio": "1,06 \u20ac", "oferta": "", "supermercado": "Carrefour"},
{"query": "Salsa carbonara", "nombre": "Salsa carbonara Carrefour sobre 40 g.", "imagen_src": "https://static.carrefour.es/hd_350x_/img_pim_food/430313_00_1.jpg", "precio_peso": "28,50 \u20ac/kg", "precio": "1,14 \u20ac", "oferta": "", "supermercado": "Carrefour"},
{"query": "Salsa carbonara", "nombre": "Pasta con salsa carbonara Knorr 62 g.", "imagen_src": "https://static.carrefour.es/hd_350x_/img_pim_food/946173_00_1.jpg", "precio_peso": "30,32 \u20ac/kg", "precio": "1,88 \u20ac", "oferta": "", "supermercado": "Carrefour"},
{"query": "Salsa carbonara", "nombre": "Pizza carbonara Pizza & Salsa Campofrio 360 g.", "imagen_src": "https://static.carrefour.es/hd_350x_/img_pim_food/032229_00_1.jpg", "precio_peso": "7,92 \u20ac/kg", "precio": "2,85 \u20ac", "oferta": "", "supermercado": "Carrefour"},
],
[
{"query": "Coliflor", "nombre": "Coliflor Carrefour Classic' 1 kg.", "imagen_src": "https://static.carrefour.es/hd_350x_/img_pim_food/666795_00_1.jpg", "precio_peso": "1,50 \u20ac/kg", "precio": "1,50 \u20ac", "oferta": "", "supermercado": "Carrefour"},
{"query": "Coliflor", "nombre": "Coliflor Carrefour 2 kg aprox", "imagen_src": "https://static.carrefour.es/hd_350x_/img_pim_food/679710_00_1.jpg", "precio_peso": "1,85 \u20ac/kg", "precio": "3,70 \u20ac", "oferta": "", "supermercado": "Carrefour"},
{"query": "Coliflor", "nombre": "Coliflor sin sal anadida Carrefour 390 g.", "imagen_src": "https://static.carrefour.es/hd_350x_/img_pim_food/177728_00_1.jpg", "precio_peso": "3,90 \u20ac/kg", "precio": "1,52 \u20ac", "oferta": "", "supermercado": "Carrefour"},
{"query": "Coliflor", "nombre": "Coliflor floretes Carrefour 500 g", "imagen_src": "https://static.carrefour.es/hd_350x_/img_pim_food/444611_00_1.jpg", "precio_peso": "3,18 \u20ac/kg", "precio": "1,59 \u20ac", "oferta": "", "supermercado": "Carrefour"},
{"query": "Coliflor", "nombre": "", "imagen_src": "https://static.carrefour.es/hd_350x_/img_pim_food/051097_00_1.jpg", "precio_peso": "", "precio": "3,99 \u20ac", "oferta": "", "supermercado": "Carrefour"},
{"query": "Coliflor", "nombre": "", "imagen_src": "https://static.carrefour.es/hd_350x_/img_pim_food/051104_00_1.jpg", "precio_peso": "", "precio": "4,15 \u20ac", "oferta": "", "supermercado": "Carrefour"},
],
[
{"query": "Espinaca", "nombre": "Espinaca troceada Carrefour 300 g", "imagen_src": "https://static.carrefour.es/hd_350x_/img_pim_food/261718_00_1.jpg", "precio_peso": "3,50 \u20ac/kg", "precio": "1,05 \u20ac", "oferta": "", "supermercado": "Carrefour"},
{"query": "Espinaca", "nombre": "Espinacas cortadas en porciones Carrefour 400 g.", "imagen_src": "https://static.carrefour.es/hd_350x_/img_pim_food/831069_00_1.jpg", "precio_peso": "1,87 \u20ac/kg", "precio": "0,75 \u20ac", "oferta": "", "supermercado": "Carrefour"},
{"query": "Espinaca", "nombre": "Espinacas cortadas Carrefour 1 kg.", "imagen_src": "https://static.carrefour.es/hd_350x_/img_pim_food/673513_00_1.jpg", "precio_peso": "1,25 \u20ac/kg", "precio": "1,25 \u20ac", "oferta": "", "supermercado": "Carrefour"},
{"query": "Espinaca", "nombre": "Espinacas hojas en porciones Carrefour 1 kg.", "imagen_src": "https://static.carrefour.es/hd_350x_/img_pim_food/666796_00_1.jpg", "precio_peso": "1,25 \u20ac/kg", "precio": "1,25 \u20ac", "oferta": "", "supermercado": "Carrefour"},
{"query": "Espinaca", "nombre": "", "imagen_src": "https://static.carrefour.es/hd_350x_/img_pim_food/341975_00_1.jpg", "precio_peso": "", "precio": "1,28 \u20ac", "oferta": "", "supermercado": "Carrefour"},
{"query": "Espinaca", "nombre": "", "imagen_src": "https://static.carrefour.es/hd_350x_/img_pim_food/496499_00_1.jpg", "precio_peso": "", "precio": "1,58 \u20ac", "oferta": "", "supermercado": "Carrefour"},
],
[
{"query": "Salsa bolo\u00f1esa", "nombre": "Salsa bolonesa Barilla sin gluten tarro 400 g.", "imagen_src": "https://static.carrefour.es/hd_350x_/img_pim_food/891616_00_1.jpg", "precio_peso": "9,22 \u20ac/kg", "precio": "3,69 \u20ac", "oferta": "", "supermercado": "Carrefour"},
{"query": "Salsa bolo\u00f1esa", "nombre": "Salsa super bolonesa Gallo sin gluten 350 g.", "imagen_src": "https://static.carrefour.es/hd_350x_/img_pim_food/638402_00_1.jpg", "precio_peso": "6,83 \u20ac/kg", "precio": "2,39 \u20ac", "oferta": "", "supermercado": "Carrefour"},
{"query": "Salsa bolo\u00f1esa", "nombre": "Salsa Bolonesa Hida tarro 350 g.", "imagen_src": "https://static.carrefour.es/hd_350x_/img_pim_food/120588_00_1.jpg", "precio_peso": "5,97 \u20ac/kg", "precio": "2,09 \u20ac", "oferta": "", "supermercado": "Carrefour"},
{"query": "Salsa bolo\u00f1esa", "nombre": "Salsa ragu a la bolonesa Rummo 340 g.", "imagen_src": "https://static.carrefour.es/hd_350x_/img_pim_food/687070_00_1.jpg", "precio_peso": "13,50 \u20ac/kg", "precio": "4,59 \u20ac", "oferta": "", "supermercado": "Carrefour"},
{"query": "Salsa bolo\u00f1esa", "nombre": "", "imagen_src": "https://static.carrefour.es/hd_350x_/img_pim_food/061105_00_1.jpg", "precio_peso": "", "precio": "", "oferta": "", "supermercado": "Carrefour"},
],
[
{"query": "Salsa bechamel", "nombre": "Salsa bechamel Carrefour sobre 60 g.", "imagen_src": "https://static.carrefour.es/hd_350x_/img_pim_food/430314_00_1.jpg", "precio_peso": "19 \u20ac/kg", "precio": "1,14 \u20ac", "oferta": "", "supermercado": "Carrefour"},
{"query": "Salsa bechamel", "nombre": "Salsa bechamel President pack de 2 briks de 250 ml.", "imagen_src": "https://static.carrefour.es/hd_350x_/img_pim_food/615834_00_1.jpg", "precio_peso": "7,50 \u20ac/l", "precio": "3,75 \u20ac", "oferta": "", "supermercado": "Carrefour"},
{"query": "Salsa bechamel", "nombre": "Salsa bechamel Knorr brik 500 ml.", "imagen_src": "https://static.carrefour.es/hd_350x_/img_pim_food/201399_00_1.jpg", "precio_peso": "4,18 \u20ac/l", "precio": "2,09 \u20ac", "oferta": "", "supermercado": "Carrefour"},
{"query": "Salsa bechamel", "nombre": "Ecomil Cuisine Bechamel", "imagen_src": "https://static.carrefour.es/hd_350x_/imagenes/products/84285/32192/369/8428532192369/imagenGrande1.jpg", "precio_peso": "", "precio": "1,67 \u20ac", "oferta": "", "supermercado": "Carrefour"},
],
[
{"query": "Salsa barbacoa", "nombre": "Salsa barbacoa Carrefour envase 400 g.", "imagen_src": "https://static.carrefour.es/hd_350x_/img_pim_food/389941_00_1.jpg", "precio_peso": "3,50 \u20ac/kg", "precio": "1,40 \u20ac", "oferta": "", "supermercado": "Carrefour"},
{"query": "Salsa barbacoa", "nombre": "Salsa barbacoa Hellmann's envase 250 ml.", "imagen_src": "https://static.carrefour.es/hd_350x_/img_pim_food/118221_00_1.jpg", "precio_peso": "6,81 \u20ac/kg", "precio": "1,94 \u20ac", "oferta": "", "supermercado": "Carrefour"},
{"query": "Salsa barbacoa", "nombre": "Salsa barbacoa Prima sin gluten envase 570 g.", "imagen_src": "https://static.carrefour.es/hd_350x_/img_pim_food/303995_00_1.jpg", "precio_peso": "6,47 \u20ac/kg", "precio": "3,69 \u20ac", "oferta": "", "supermercado": "Carrefour"},
{"query": "Salsa barbacoa", "nombre": "Salsa barbacoa sabor miel Prima sin gluten 440 g.", "imagen_src": "https://static.carrefour.es/hd_350x_/img_pim_food/160974_00_1.jpg", "precio_peso": "8,39 \u20ac/kg", "precio": "3,69 \u20ac", "oferta": "", "supermercado": "Carrefour"},
{"query": "Salsa barbacoa", "nombre": "", "imagen_src": "https://static.carrefour.es/hd_350x_/img_pim_food/985910_00_1.jpg", "precio_peso": "", "precio": "", "oferta": "", "supermercado": "Carrefour"},
{"query": "Salsa barbacoa", "nombre": "", "imagen_src": "https://static.carrefour.es/hd_350x_/img_pim_food/927492_00_1.jpg", "precio_peso": "", "precio": "", "oferta": "", "supermercado": "Carrefour"},
],
[
{"query": "Salsa al roquefort", "nombre": "Salsa Roquefort original Ybarra sin gluten 300 g.", "imagen_src": "https://static.carrefour.es/hd_350x_/img_pim_food/024774_00_1.jpg", "precio_peso": "6,97 \u20ac/kg", "precio": "2,09 \u20ac", "oferta": "", "supermercado": "Carrefour"},
{"query": "Salsa al roquefort", "nombre": "Salsa deshidratada de roquefort Carrefour sobre 30 g.", "imagen_src": "https://static.carrefour.es/hd_350x_/img_pim_food/574032_00_1.jpg", "precio_peso": "1,14 \u20ac/ud", "precio": "1,14 \u20ac", "oferta": "", "supermercado": "Carrefour"},
],
[
{"query": "Sal de mar", "nombre": "Sal De Lechuga De Mar Ecologica", "imagen_src": "https://static.carrefour.es/hd_350x_/imagenes/products/21000/00143/464/2100000143464/imagenGrande1.jpg", "precio_peso": "", "precio": "2 \u20ac", "oferta": "", "supermercado": "Carrefour"},
{"query": "Sal de mar", "nombre": "Mantequilla con granos de sal de mar La Motte President 250 g.", "imagen_src": "https://static.carrefour.es/hd_350x_/img_pim_food/801119_00_1.jpg", "precio_peso": "18,36 \u20ac/kg", "precio": "4,59 \u20ac", "oferta": "", "supermercado": "Carrefour"},
{"query": "Sal de mar", "nombre": "Barritas de fruta y frutos secos con sal de mar y un toque de caramelo sin azucar anadido Nakd pack de 4 unidades de 35 g.", "imagen_src": "https://static.carrefour.es/hd_350x_/img_pim_food/227137_00_1.jpg", "precio_peso": "21,36 \u20ac/kg", "precio": "2,99 \u20ac", "oferta": "", "supermercado": "Carrefour"},
{"query": "Sal de mar", "nombre": "El Mar Y La Sal", "imagen_src": "https://static.carrefour.es/hd_350x_/imagenes/products/97884/12161/304/9788412161304/imagenGrande1.jpg", "precio_peso": "", "precio": "18,05 \u20ac", "oferta": "", "supermercado": "Carrefour"},
{"query": "Sal de mar", "nombre": "", "imagen_src": "https://static.carrefour.es/hd_350x_/imagenes/products/97884/72905/917/9788472905917/imagenGrande1.jpg", "precio_peso": "", "precio": "", "oferta": "", "supermercado": "Carrefour"},
{"query": "Sal de mar", "nombre": "", "imagen_src": "https://static.carrefour.es/hd_350x_/imagenes/products/97884/72905/924/9788472905924/imagenGrande1.jpg", "precio_peso": "", "precio": "", "oferta": "", "supermercado": "Carrefour"},
],
[
{"query": "Pimienta negra", "nombre": "", "imagen_src": "https://static.carrefour.es/hd_350x_/img_pim_food/851260_00_1.jpg", "precio_peso": "13,78 \u20ac/kg", "precio": "0,62 \u20ac", "oferta": "", "supermercado": "Carrefour"},
{"query": "Pimienta negra", "nombre": "Molinillo pimienta negra en grano Carrefour 45 g.", "imagen_src": "https://static.carrefour.es/hd_350x_/img_pim_food/851275_00_1.jpg", "precio_peso": "22 \u20ac/kg", "precio": "0,99 \u20ac", "oferta": "", "supermercado": "Carrefour"},
{"query": "Pimienta negra", "nombre": "Pimienta negra en grano ecologica Carrefour Bio 40 g.", "imagen_src": "https://static.carrefour.es/hd_350x_/img_pim_food/496585_00_1.jpg", "precio_peso": "50,75 \u20ac/kg", "precio": "2,03 \u20ac", "oferta": "", "supermercado": "Carrefour"},
{"query": "Pimienta negra", "nombre": "Pimienta negra molida Carmencita sin gluten 52 g.", "imagen_src": "https://static.carrefour.es/hd_350x_/img_pim_food/002182_00_1.jpg", "precio_peso": "41,35 \u20ac/kg", "precio": "2,15 \u20ac", "oferta": "", "supermercado": "Carrefour"},
{"query": "Pimienta negra", "nombre": "", "imagen_src": "https://static.carrefour.es/hd_350x_/img_pim_food/002185_00_1.jpg", "precio_peso": "", "precio": "", "oferta": "", "supermercado": "Carrefour"},
{"query": "Pimienta negra", "nombre": "", "imagen_src": "https://static.carrefour.es/hd_350x_/img_pim_food/496586_00_1.jpg", "precio_peso": "", "precio": "", "oferta": "", "supermercado": "Carrefour"},
],
[
{"query": "Pimienta blanca", "nombre": "Pimienta blanca molida Carrefour 50 g.", "imagen_src": "https://static.carrefour.es/hd_350x_/img_pim_food/851273_00_1.jpg", "precio_peso": "25 \u20ac/kg", "precio": "1,25 \u20ac", "oferta": "", "supermercado": "Carrefour"},
{"query": "Pimienta blanca", "nombre": "Salsa pimienta verde Gallina Blanca sin aceite de palma sobre 50 g.", "imagen_src": "https://static.carrefour.es/hd_350x_/img_pim_food/002250_00_1.jpg", "precio_peso": "31,80 \u20ac/kg", "precio": "1,59 \u20ac", "oferta": "", "supermercado": "Carrefour"},
{"query": "Pimienta blanca", "nombre": "Molinillo de pimienta blanca en grano Carrefour Classic 45 g.", "imagen_src": "https://static.carrefour.es/hd_350x_/img_pim_food/851272_00_1.jpg", "precio_peso": "44,22 \u20ac/kg", "precio": "1,99 \u20ac", "oferta": "", "supermercado": "Carrefour"},
{"query": "Pimienta blanca", "nombre": "Descorazonador Cocina Pimientos Inox/plastico Blanco/verde Crisp", "imagen_src": "https://static.carrefour.es/hd_350x_/imagenes/products/00163/46750/165/0016346750165/imagenGrande1.jpg", "precio_peso": "", "precio": "8,18 \u20ac", "oferta": "", "supermercado": "Carrefour"},
{"query": "Pimienta blanca", "nombre": "", "imagen_src": "https://static.carrefour.es/hd_350x_/imagenes/products/35602/37597/881/3560237597881/imagenGrande1.jpg", "precio_peso": "", "precio": "17,99 \u20ac", "oferta": "", "supermercado": "Carrefour"},
{"query": "Pimienta blanca", "nombre": "", "imagen_src": "https://static.carrefour.es/hd_350x_/imagenes/products/84303/06272/320/8430306272320/imagenGrande1.jpg", "precio_peso": "", "precio": "9,28 \u20ac", "oferta": "", "supermercado": "Carrefour"},
],
[
],
[
{"query": "Patatas chips", "nombre": "Patatas fritas extracrujientes oliva Seleccion Carrefour 150 g.", "imagen_src": "https://static.carrefour.es/hd_350x_/img_pim_food/177049_00_1.jpg", "precio_peso": "6,60 \u20ac/kg", "precio": "0,99 \u20ac", "oferta": "", "supermercado": "Carrefour"},
{"query": "Patatas chips", "nombre": "Patatas fritas churreria en aceite de girasol Carrefour pack de 2 bolsas de 150 g.", "imagen_src": "https://static.carrefour.es/hd_350x_/img_pim_food/897891_00_1.jpg", "precio_peso": "6 \u20ac/kg", "precio": "1,80 \u20ac", "oferta": "", "supermercado": "Carrefour"},
{"query": "Patatas chips", "nombre": "Patatas fritas a la sarten Carrefour pack de 2 bolsas de 150 g.", "imagen_src": "https://static.carrefour.es/hd_350x_/img_pim_food/130130_00_1.jpg", "precio_peso": "6,30 \u20ac/kg", "precio": "1,89 \u20ac", "oferta": "", "supermercado": "Carrefour"},
{"query": "Patatas chips", "nombre": "Patatas fritas al punto de sal Lay's sin gluten y sin lactosa 282 g.", "imagen_src": "https://static.carrefour.es/hd_350x_/img_pim_food/593717_00_1.jpg", "precio_peso": "8,83 \u20ac/kg", "precio": "2,49 \u20ac", "oferta": "", "supermercado": "Carrefour"},
{"query": "Patatas chips", "nombre": "", "imagen_src": "https://static.carrefour.es/hd_350x_/img_pim_food/593724_00_1.jpg", "precio_peso": "", "precio": "", "oferta": "", "supermercado": "Carrefour"},
{"query": "Patatas chips", "nombre": "", "imagen_src": "https://static.carrefour.es/hd_350x_/img_pim_food/955402_00_1.jpg", "precio_peso": "", "precio": "", "oferta": "", "supermercado": "Carrefour"},
],
[
{"query": "Palomitas de ma\u00edz", "nombre": "PALOMITAS DE MAIZ 4 ALGAIDA", "imagen_src": "https://static.carrefour.es/hd_350x_/crs/cdn_static/catalog/hd/215958_00_1.jpg", "precio_peso": "", "precio": "13,25 \u20ac", "oferta": "", "supermercado": "Carrefour"},
{"query": "Palomitas de ma\u00edz", "nombre": "PALOMITAS DE MAIZ 5 ALGAIDA", "imagen_src": "https://static.carrefour.es/hd_350x_/crs/cdn_static/catalog/hd/215964_00_1.jpg", "precio_peso": "", "precio": "13,25 \u20ac", "oferta": "", "supermercado": "Carrefour"},
{"query": "Palomitas de ma\u00edz", "nombre": "PALOMITAS DE MAIZ 3 ALGAIDA", "imagen_src": "https://static.carrefour.es/hd_350x_/crs/cdn_static/catalog/hd/215965_00_1.jpg", "precio_peso": "", "precio": "13,25 \u20ac", "oferta": "", "supermercado": "Carrefour"},
{"query": "Palomitas de ma\u00edz", "nombre": "Maquina De Palomitas De Maiz | Palomitero Sin Aceite", "imagen_src": "https://static.carrefour.es/hd_350x_/imagenes/products/84370/18530/007/8437018530007/imagenGrande1.jpg", "precio_peso": "", "precio": "33,95 \u20ac", "oferta": "", "supermercado": "Carrefour"},
{"query": "Palomitas de ma\u00edz", "nombre": "", "imagen_src": "https://static.carrefour.es/hd_350x_/imagenes/products/84370/18530/038/8437018530038/imagenGrande1.jpg", "precio_peso": "", "precio": "44,95 \u20ac", "oferta": "", "supermercado": "Carrefour"},
{"query": "Palomitas de ma\u00edz", "nombre": "", "imagen_src": "https://static.carrefour.es/hd_350x_/imagenes/products/84370/18530/045/8437018530045/imagenGrande1.jpg", "precio_peso": "", "precio": "39,95 \u20ac", "oferta": "", "supermercado": "Carrefour"},
],
[
{"query": "Menta fresca", "nombre": "Dentifrico menta fresca Repair & Protect Sensodyne pack 2 unidades de 75 ml.", "imagen_src": "https://static.carrefour.es/hd_350x_/img_pim_food/339736_00_1.jpg", "precio_peso": "5,76 \u20ac/100ml", "precio": "8,64 \u20ac", "oferta": "", "supermercado": "Carrefour"},
{"query": "Menta fresca", "nombre": "Dentifrico con menta fresca Maximum Protection Caries Colgate 75 ml.", "imagen_src": "https://static.carrefour.es/hd_350x_/img_pim_food/765163_00_1.jpg", "precio_peso": "2,87 \u20ac/100ml", "precio": "2,15 \u20ac", "oferta": "", "supermercado": "Carrefour"},
{"query": "Menta fresca", "nombre": "Enjuague bucal menta fresca Listerine 500 ml.", "imagen_src": "https://static.carrefour.es/hd_350x_/img_pim_food/073163_00_1.jpg", "precio_peso": "1 \u20ac/100ml", "precio": "5 \u20ac", "oferta": "", "supermercado": "Carrefour"},
{"query": "Menta fresca", "nombre": "Dentifrico 2 en 1 menta fresca Licor del Polo 75 ml.", "imagen_src": "https://static.carrefour.es/hd_350x_/img_pim_food/001358_00_1.jpg", "precio_peso": "2,80 \u20ac/100ml", "precio": "2,10 \u20ac", "oferta": "", "supermercado": "Carrefour"},
{"query": "Menta fresca", "nombre": "", "imagen_src": "https://static.carrefour.es/hd_350x_/img_pim_food/532707_00_1.jpg", "precio_peso": "", "precio": "", "oferta": "", "supermercado": "Carrefour"},
{"query": "Menta fresca", "nombre": "", "imagen_src": "https://static.carrefour.es/hd_350x_/img_pim_food/722903_00_1.jpg", "precio_peso": "", "precio": "", "oferta": "", "supermercado": "Carrefour"},
],
[
{"query": "Mayonesa ", "nombre": "Mayonesa con aceite de girasol Carrefour tarro 450 ml.", "imagen_src": "https://static.carrefour.es/hd_350x_/img_pim_food/122380_00_1.jpg", "precio_peso": "3,49 \u20ac/kg", "precio": "1,57 \u20ac", "oferta": "", "supermercado": "Carrefour"},
{"query": "Mayonesa ", "nombre": "Mayonesa Ligeresa pack de 3 unidades de 210 ml.", "imagen_src": "https://static.carrefour.es/hd_350x_/img_pim_food/913024_00_1.jpg", "precio_peso": "3,16 \u20ac/l", "precio": "1,99 \u20ac", "oferta": "", "supermercado": "Carrefour"},
{"query": "Mayonesa ", "nombre": "Mayonesa Carrefour envase 500 ml.", "imagen_src": "https://static.carrefour.es/hd_350x_/img_pim_food/013524_00_1.jpg", "precio_peso": "3,54 \u20ac/kg", "precio": "1,77 \u20ac", "oferta": "", "supermercado": "Carrefour"},
{"query": "Mayonesa ", "nombre": "Mayonesa Ligeresa sin lactosa tarro 650 ml.", "imagen_src": "https://static.carrefour.es/hd_350x_/img_pim_food/597825_00_1.jpg", "precio_peso": "4,37 \u20ac/kg", "precio": "2,84 \u20ac", "oferta": "", "supermercado": "Carrefour"},
{"query": "Mayonesa ", "nombre": "", "imagen_src": "https://static.carrefour.es/hd_350x_/img_pim_food/714085_00_1.jpg", "precio_peso": "", "precio": "", "oferta": "", "supermercado": "Carrefour"},
{"query": "Mayonesa ", "nombre": "", "imagen_src": "https://static.carrefour.es/hd_350x_/img_pim_food/107782_00_1.jpg", "precio_peso": "", "precio": "", "oferta": "", "supermercado": "Carrefour"},
],
[
{"query": "Galletas saladas", "nombre": "Galletas saladas Carrefour 350 g.", "imagen_src": "https://static.carrefour.es/hd_350x_/img_pim_food/523606_00_1.jpg", "precio_peso": "3,29 \u20ac/kg", "precio": "1,15 \u20ac", "oferta": "", "supermercado": "Carrefour"},
{"query": "Galletas saladas", "nombre": "Galletas saladas Ducales Noel 312 g.", "imagen_src": "https://static.carrefour.es/hd_350x_/img_pim_food/799872_00_1.jpg", "precio_peso": "6,38 \u20ac/kg", "precio": "1,99 \u20ac", "oferta": "", "supermercado": "Carrefour"},
{"query": "Galletas saladas", "nombre": "Galletas saladas Ritz 200 g.", "imagen_src": "https://static.carrefour.es/hd_350x_/img_pim_food/795462_00_1.jpg", "precio_peso": "12,45 \u20ac/kg", "precio": "2,49 \u20ac", "oferta": "", "supermercado": "Carrefour"},
{"query": "Galletas saladas", "nombre": "Cocktail de galletas saladas Carrefour 300 g.", "imagen_src": "https://static.carrefour.es/hd_350x_/img_pim_food/647993_00_1.jpg", "precio_peso": "4,33 \u20ac/kg", "precio": "1,30 \u20ac", "oferta": "", "supermercado": "Carrefour"},
{"query": "Galletas saladas", "nombre": "", "imagen_src": "https://static.carrefour.es/hd_350x_/img_pim_food/925880_00_1.jpg", "precio_peso": "3,53 \u20ac/kg", "precio": "1,06 \u20ac", "oferta": "", "supermercado": "Carrefour"},
{"query": "Galletas saladas", "nombre": "", "imagen_src": "https://static.carrefour.es/hd_350x_/img_pim_food/036520_00_1.jpg", "precio_peso": "10 \u20ac/kg", "precio": "1,50 \u20ac", "oferta": "", "supermercado": "Carrefour"},
],
[
{"query": "Flan de huevo", "nombre": "Flan de huevo al bano Maria Carrefour Classic' sin gluten pack de 9 unidades de 100 g.", "imagen_src": "https://static.carrefour.es/hd_350x_/img_pim_food/420375_00_1.jpg", "precio_peso": "3,21 \u20ac/kg", "precio": "2,89 \u20ac", "oferta": "", "supermercado": "Carrefour"},
{"query": "Flan de huevo", "nombre": "Flan de huevo al bano Maria Carrefour Classic' sin gluten pack de 4 unidades de 100 g.", "imagen_src": "https://static.carrefour.es/hd_350x_/img_pim_food/233299_00_1.jpg", "precio_peso": "2,72 \u20ac/kg", "precio": "1,09 \u20ac", "oferta": "", "supermercado": "Carrefour"},
{"query": "Flan de huevo", "nombre": "Flan de huevo al bano Maria Dhul sin gluten pack de 4 unidades de 110 g.", "imagen_src": "https://static.carrefour.es/hd_350x_/img_pim_food/002979_00_1.jpg", "precio_peso": "5,66 \u20ac/kg", "precio": "2,49 \u20ac", "oferta": "", "supermercado": "Carrefour"},
{"query": "Flan de huevo", "nombre": "Flan de huevo al bano Maria 0% azucares anadidos 0% materia grasa Dhul sin gluten pack de 4 unidades de 100 g.", "imagen_src": "https://static.carrefour.es/hd_350x_/img_pim_food/366812_00_1.jpg", "precio_peso": "6,23 \u20ac/kg", "precio": "2,49 \u20ac", "oferta": "", "supermercado": "Carrefour"},
{"query": "Flan de huevo", "nombre": "", "imagen_src": "https://static.carrefour.es/hd_350x_/img_pim_food/843348_00_1.jpg", "precio_peso": "", "precio": "", "oferta": "", "supermercado": "Carrefour"},
{"query": "Flan de huevo", "nombre": "", "imagen_src": "https://static.carrefour.es/hd_350x_/img_pim_food/576323_00_1.jpg", "precio_peso": "", "precio": "", "oferta": "", "supermercado": "Carrefour"},
],
[
],
[
{"query": "Jud\u00eda verde", "nombre": "Judias verdes planas cortadas Carrefour 360 g.", "imagen_src": "https://static.carrefour.es/hd_350x_/img_pim_food/357831_00_1.jpg", "precio_peso": "2,75 \u20ac/kg", "precio": "0,99 \u20ac", "oferta": "", "supermercado": "Carrefour"},
{"query": "Jud\u00eda verde", "nombre": "Judias verdes finas cortadas Classic Carrefour 660 g.", "imagen_src": "https://static.carrefour.es/hd_350x_/img_pim_food/725430_00_1.jpg", "precio_peso": "1,44 \u20ac/kg", "precio": "0,95 \u20ac", "oferta": "", "supermercado": "Carrefour"},
{"query": "Jud\u00eda verde", "nombre": "Judias verdes planas Carrefour Classic' 1 kg.", "imagen_src": "https://static.carrefour.es/hd_350x_/img_pim_food/231891_00_1.jpg", "precio_peso": "1,30 \u20ac/kg", "precio": "1,30 \u20ac", "oferta": "", "supermercado": "Carrefour"},
{"query": "Jud\u00eda verde", "nombre": "Judias verdes finas al natural Classic Carrefour 440 g.", "imagen_src": "https://static.carrefour.es/hd_350x_/img_pim_food/236341_00_1.jpg", "precio_peso": "2,41 \u20ac/kg", "precio": "1,06 \u20ac", "oferta": "", "supermercado": "Carrefour"},
{"query": "Jud\u00eda verde", "nombre": "", "imagen_src": "https://static.carrefour.es/hd_350x_/img_pim_food/222928_00_1.jpg", "precio_peso": "", "precio": "1,29 \u20ac", "oferta": "", "supermercado": "Carrefour"},
{"query": "Jud\u00eda verde", "nombre": "", "imagen_src": "https://static.carrefour.es/hd_350x_/img_pim_food/435059_00_1.jpg", "precio_peso": "", "precio": "3,65 \u20ac", "oferta": "", "supermercado": "Carrefour"},
],
[
{"query": "Ma\u00edz", "nombre": "Maiz Dulce Carrefour pack de 3unidades de 140 g.", "imagen_src": "https://static.carrefour.es/hd_350x_/img_pim_food/906098_00_1.jpg", "precio_peso": "2,95 \u20ac/kg", "precio": "1,24 \u20ac", "oferta": "", "supermercado": "Carrefour"},
{"query": "Ma\u00edz", "nombre": "Maiz dulce Carrefour pack de 6 unidades de 70 g.", "imagen_src": "https://static.carrefour.es/hd_350x_/img_pim_food/991073_00_1.jpg", "precio_peso": "4,74 \u20ac/kg", "precio": "1,99 \u20ac", "oferta": "", "supermercado": "Carrefour"},
{"query": "Ma\u00edz", "nombre": "Maiz dulce Bonduelle pack de 3 unidades de 140 g.", "imagen_src": "https://static.carrefour.es/hd_350x_/img_pim_food/048156_00_1.jpg", "precio_peso": "6,79 \u20ac/kg", "precio": "2,85 \u20ac", "oferta": "", "supermercado": "Carrefour"},
{"query": "Ma\u00edz", "nombre": "Maiz dulce sin azucar anadido Carrefour 285 g.", "imagen_src": "https://static.carrefour.es/hd_350x_/img_pim_food/898015_00_1.jpg", "precio_peso": "2,60 \u20ac/kg", "precio": "0,74 \u20ac", "oferta": "", "supermercado": "Carrefour"},
{"query": "Ma\u00edz", "nombre": "", "imagen_src": "https://static.carrefour.es/hd_350x_/img_pim_food/621666_00_1.jpg", "precio_peso": "", "precio": "", "oferta": "", "supermercado": "Carrefour"},
{"query": "Ma\u00edz", "nombre": "", "imagen_src": "https://static.carrefour.es/hd_350x_/img_pim_food/231899_00_1.jpg", "precio_peso": "", "precio": "", "oferta": "", "supermercado": "Carrefour"},
],
[
{"query": "Nabo", "nombre": "Nabo blanco manojo de 500 g", "imagen_src": "https://static.carrefour.es/hd_350x_/img_pim_food/050309_00_1.jpg", "precio_peso": "3,38 \u20ac/ud", "precio": "1,69 \u20ac", "oferta": "", "supermercado": "Carrefour"},
{"query": "Nabo", "nombre": "Cd. Ibrahim Nabo. Dounia", "imagen_src": "https://static.carrefour.es/hd_350x_/imagenes/products/06024/98458/013/0602498458013/imagenGrande1.jpg", "precio_peso": "", "precio": "6,55 \u20ac", "oferta": "", "supermercado": "Carrefour"},
{"query": "Nabo", "nombre": "Semillas De Nabo Medio Largo Gigante Toronda", "imagen_src": "https://static.carrefour.es/hd_350x_/imagenes/products/84149/34046/461/8414934046461/imagenGrande1.jpg", "precio_peso": "", "precio": "3,32 \u20ac", "oferta": "", "supermercado": "Carrefour"},
{"query": "Nabo", "nombre": "Rocalba Nabo De Mesa Virtudes Martillo 10g", "imagen_src": "https://static.carrefour.es/hd_350x_/imagenes/products/84237/37082/927/8423737082927/imagenGrande1.jpg", "precio_peso": "", "precio": "1,50 \u20ac", "oferta": "", "supermercado": "Carrefour"},
{"query": "Nabo", "nombre": "", "imagen_src": "https://static.carrefour.es/hd_350x_/imagenes/products/84237/37082/941/8423737082941/imagenGrande1.jpg", "precio_peso": "", "precio": "1,50 \u20ac", "oferta": "", "supermercado": "Carrefour"},
{"query": "Nabo", "nombre": "", "imagen_src": "https://static.carrefour.es/hd_350x_/imagenes/products/84237/37084/761/8423737084761/imagenGrande1.jpg", "precio_peso": "", "precio": "2,25 \u20ac", "oferta": "", "supermercado": "Carrefour"},
],
[
],
[
{"query": "Palmito", "nombre": "Corazones de palmito Carrefour 250 g.", "imagen_src": "https://static.carrefour.es/hd_350x_/img_pim_food/325954_00_1.jpg", "precio_peso": "9,56 \u20ac/kg", "precio": "2,39 \u20ac", "oferta": "", "supermercado": "Carrefour"},
{"query": "Palmito", "nombre": "Corazones de palmito minis Carrefour Classic sin lactosa 100 g.", "imagen_src": "https://static.carrefour.es/hd_350x_/img_pim_food/595345_00_1.jpg", "precio_peso": "16,60 \u20ac/kg", "precio": "1,66 \u20ac", "oferta": "", "supermercado": "Carrefour"},
{"query": "Palmito", "nombre": "Corazones de palmitos ecologicos Carrefour Bio 250 g.", "imagen_src": "https://static.carrefour.es/hd_350x_/img_pim_food/015497_00_1.jpg", "precio_peso": "16,04 \u20ac/kg", "precio": "4,01 \u20ac", "oferta": "", "supermercado": "Carrefour"},
{"query": "Palmito", "nombre": "Escoba Palmito Palo Corto - Barbosa - 02107..", "imagen_src": "https://static.carrefour.es/hd_350x_/imagenes/products/84137/88021/075/8413788021075/imagenGrande1.jpg", "precio_peso": "", "precio": "5,07 \u20ac", "oferta": "", "supermercado": "Carrefour"},
{"query": "Palmito", "nombre": "", "imagen_src": "https://static.carrefour.es/hd_350x_/imagenes/products/97884/69888/780/9788469888780/imagenGrande1.jpg", "precio_peso": "", "precio": "", "oferta": "", "supermercado": "Carrefour"},
],
[
{"query": "Pur\u00e9 de patata y queso", "nombre": "Pure de patatas con queso y finas hierbas Carrefour 105 g.", "imagen_src": "https://static.carrefour.es/hd_350x_/img_pim_food/109027_00_1.jpg", "precio_peso": "11,24 \u20ac/kg", "precio": "1,18 \u20ac", "oferta": "", "supermercado": "Carrefour"},
],
[
{"query": "Pur\u00e9 de patata con leche", "nombre": "Pure de patatas con leche Maggi sin gluten 230 g.", "imagen_src": "https://static.carrefour.es/hd_350x_/img_pim_food/002383_00_1.jpg", "precio_peso": "9,35 \u20ac/kg", "precio": "2,15 \u20ac", "oferta": "", "supermercado": "Carrefour"},
],
[
{"query": "Pur\u00e9 de patata con verduras", "nombre": "Patatas cocida y pelada Huercasa 500 g", "imagen_src": "https://static.carrefour.es/hd_350x_/img_pim_food/495186_00_1.jpg", "precio_peso": "3,98 \u20ac/kg", "precio": "1,99 \u20ac", "oferta": "", "supermercado": "Carrefour"},
{"query": "Pur\u00e9 de patata con verduras", "nombre": "Cebolla dulce Circulo de Calidad 1 Kg", "imagen_src": "https://static.carrefour.es/hd_350x_/img_pim_food/429156_00_1.jpg", "precio_peso": "1,99 \u20ac/kg", "precio": "1,99 \u20ac", "oferta": "", "supermercado": "Carrefour"},
{"query": "Pur\u00e9 de patata con verduras", "nombre": "Mpm Mmm-a/03m Kit De Accesorios , Corta Patatas, Frutas Y Verduras, 5 Piezas, Para Picadora Mmm-03m Y Mmm-07m", "imagen_src": "https://static.carrefour.es/hd_350x_/imagenes/products/59031/51000/712/5903151000712/imagenGrande1.jpg", "precio_peso": "", "precio": "30,90 \u20ac", "oferta": "", "supermercado": "Carrefour"},
{"query": "Pur\u00e9 de patata con verduras", "nombre": "Patatas prefritas con piel Carrefour 600 g.", "imagen_src": "https://static.carrefour.es/hd_350x_/img_pim_food/688195_00_1.jpg", "precio_peso": "1,78 \u20ac/kg", "precio": "1,07 \u20ac", "oferta": "", "supermercado": "Carrefour"},
],
[
{"query": "Tapioca", "nombre": "Tapioca Royal 175 g.", "imagen_src": "https://static.carrefour.es/hd_350x_/img_pim_food/900228_00_1.jpg", "precio_peso": "9,03 \u20ac/kg", "precio": "1,58 \u20ac", "oferta": "", "supermercado": "Carrefour"},
{"query": "Tapioca", "nombre": "Yuca en trozos Goya 500 g.", "imagen_src": "https://static.carrefour.es/hd_350x_/img_pim_food/959726_00_1.jpg", "precio_peso": "3,26 \u20ac/kg", "precio": "1,63 \u20ac", "oferta": "", "supermercado": "Carrefour"},
{"query": "Tapioca", "nombre": "Trona Shom Classic Tapioca Sand", "imagen_src": "https://static.carrefour.es/hd_350x_/imagenes/products/84370/30572/047/8437030572047/imagenGrande1.jpg", "precio_peso": "", "precio": "129,75 \u20ac", "oferta": "", "supermercado": "Carrefour"},
{"query": "Tapioca", "nombre": "Pintura Manualidades Al Agua Mate N004 Tapioca 60 Ml. The Capricho Mary Paint", "imagen_src": "https://static.carrefour.es/hd_350x_/imagenes/products/84355/13020/030/8435513020030/imagenGrande1.jpg", "precio_peso": "", "precio": "3 \u20ac", "oferta": "", "supermercado": "Carrefour"},
{"query": "Tapioca", "nombre": "", "imagen_src": "https://static.carrefour.es/hd_350x_/imagenes/products/87143/44308/198/8714344308198/imagenGrande1.jpg", "precio_peso": "", "precio": "153,42 \u20ac", "oferta": "", "supermercado": "Carrefour"},
{"query": "Tapioca", "nombre": "", "imagen_src": "https://static.carrefour.es/hd_350x_/imagenes/products/87143/44308/204/8714344308204/imagenGrande1.jpg", "precio_peso": "", "precio": "215,01 \u20ac", "oferta": "", "supermercado": "Carrefour"},
],
[
{"query": "Almid\u00f3n de arroz", "nombre": "Almidon De Arroz Eco, Bio Bio Baby 300 G", "imagen_src": "https://static.carrefour.es/hd_350x_/imagenes/products/80093/35002/576/8009335002576/imagenGrande1.jpg", "precio_peso": "", "precio": "8,58 \u20ac", "oferta": "", "supermercado": "Carrefour"},
],
[
{"query": "Trufa", "nombre": "Trufa rallada Extra Carrefour 30 g.", "imagen_src": "https://static.carrefour.es/hd_350x_/img_pim_food/477724_00_1.jpg", "precio_peso": "105 \u20ac/kg", "precio": "3,15 \u20ac", "oferta": "", "supermercado": "Carrefour"},
{"query": "Trufa", "nombre": "Salsa de trufa Terre D'Italia sin gluten 80 g.", "imagen_src": "https://static.carrefour.es/hd_350x_/img_pim_food/648210_00_1.jpg", "precio_peso": "52,38 \u20ac/kg", "precio": "4,19 \u20ac", "oferta": "", "supermercado": "Carrefour"},
{"query": "Trufa", "nombre": "Queso de oveja curado con trufa Carrefour Seleccion cuna 200 g", "imagen_src": "https://static.carrefour.es/hd_350x_/img_pim_food/711756_00_1.jpg", "precio_peso": "32,25 \u20ac/kg", "precio": "6,45 \u20ac", "oferta": "", "supermercado": "Carrefour"},
{"query": "Trufa", "nombre": "Salsa de trufa Extra Carrefour 95 g.", "imagen_src": "https://static.carrefour.es/hd_350x_/img_pim_food/477709_00_1.jpg", "precio_peso": "36,95 \u20ac/kg", "precio": "3,51 \u20ac", "oferta": "", "supermercado": "Carrefour"},
{"query": "Trufa", "nombre": "", "imagen_src": "https://static.carrefour.es/hd_350x_/img_pim_food/482777_00_1.jpg", "precio_peso": "", "precio": "", "oferta": "", "supermercado": "Carrefour"},
{"query": "Trufa", "nombre": "", "imagen_src": "https://static.carrefour.es/hd_350x_/img_pim_food/138830_00_1.jpg", "precio_peso": "", "precio": "", "oferta": "", "supermercado": "Carrefour"},
],
[
],
[
{"query": "Almendra cruda", "nombre": "Almendras crudas Carrefour 200 g.", "imagen_src": "https://static.carrefour.es/hd_350x_/img_pim_food/888128_00_1.jpg", "precio_peso": "14,95 \u20ac/kg", "precio": "2,99 \u20ac", "oferta": "", "supermercado": "Carrefour"},
{"query": "Almendra cruda", "nombre": "Almendra cruda repelada USA Frumesa 200 g", "imagen_src": "https://static.carrefour.es/hd_350x_/img_pim_food/214545_00_1.jpg", "precio_peso": "13,75 \u20ac/kg", "precio": "2,75 \u20ac", "oferta": "", "supermercado": "Carrefour"},
{"query": "Almendra cruda", "nombre": "Almendras crudas sin cascara sin sal anadida ecologicas Carrefour Bio 90 g.", "imagen_src": "https://static.carrefour.es/hd_350x_/img_pim_food/235484_00_1.jpg", "precio_peso": "17,44 \u20ac/kg", "precio": "1,57 \u20ac", "oferta": "", "supermercado": "Carrefour"},
{"query": "Almendra cruda", "nombre": "Almendra repelada cruda Carrefour tarrina 250 g", "imagen_src": "https://static.carrefour.es/hd_350x_/img_pim_food/142285_00_1.jpg", "precio_peso": "15,96 \u20ac/kg", "precio": "3,99 \u20ac", "oferta": "", "supermercado": "Carrefour"},
{"query": "Almendra cruda", "nombre": "", "imagen_src": "https://static.carrefour.es/hd_350x_/img_pim_food/615038_00_1.jpg", "precio_peso": "", "precio": "", "oferta": "", "supermercado": "Carrefour"},
{"query": "Almendra cruda", "nombre": "", "imagen_src": "https://static.carrefour.es/hd_350x_/imagenes/products/84365/69820/254/8436569820254/imagenGrande1.jpg", "precio_peso": "", "precio": "", "oferta": "", "supermercado": "Carrefour"},
],
[
{"query": "Almendra frita ", "nombre": "Almendras fritas y saladas Seleccion Borges sin gluten 160 g.", "imagen_src": "https://static.carrefour.es/hd_350x_/img_pim_food/059231_00_1.jpg", "precio_peso": "19,31 \u20ac/kg", "precio": "3,09 \u20ac", "oferta": "", "supermercado": "Carrefour"},
{"query": "Almendra frita ", "nombre": "Almendras fritas y saladas Carrefour 200 g.", "imagen_src": "https://static.carrefour.es/hd_350x_/img_pim_food/129228_00_1.jpg", "precio_peso": "13,95 \u20ac/kg", "precio": "2,79 \u20ac", "oferta": "", "supermercado": "Carrefour"},
{"query": "Almendra frita ", "nombre": "Almendra repelada frita con sal Simpl 200 g.", "imagen_src": "https://static.carrefour.es/hd_350x_/img_pim_food/237790_00_1.jpg", "precio_peso": "13 \u20ac/kg", "precio": "2,60 \u20ac", "oferta": "", "supermercado": "Carrefour"},
{"query": "Almendra frita ", "nombre": "Almendra marcona frita y salada De Nuestra Tierra doy pack 90 g.", "imagen_src": "https://static.carrefour.es/hd_350x_/img_pim_food/502627_00_1.jpg", "precio_peso": "25 \u20ac/kg", "precio": "2,25 \u20ac", "oferta": "", "supermercado": "Carrefour"},
{"query": "Almendra frita ", "nombre": "", "imagen_src": "https://static.carrefour.es/hd_350x_/img_pim_food/589403_00_1.jpg", "precio_peso": "", "precio": "", "oferta": "", "supermercado": "Carrefour"},
{"query": "Almendra frita ", "nombre": "", "imagen_src": "https://static.carrefour.es/hd_350x_/img_pim_food/142275_00_1.jpg", "precio_peso": "", "precio": "", "oferta": "", "supermercado": "Carrefour"},
],
[
{"query": "Alubia blanca", "nombre": "Alubia blanca categoria extra Carrefour 1 kg.", "imagen_src": "https://static.carrefour.es/hd_350x_/img_pim_food/717239_00_1.jpg", "precio_peso": "1,79 \u20ac/kg", "precio": "1,79 \u20ac", "oferta": "", "supermercado": "Carrefour"},
{"query": "Alubia blanca", "nombre": "Alubia blanca cocida Pedro Luis 425 g.", "imagen_src": "https://static.carrefour.es/hd_350x_/img_pim_food/913005_00_1.jpg", "precio_peso": "4,50 \u20ac/kg", "precio": "2,25 \u20ac", "oferta": "", "supermercado": "Carrefour"},
{"query": "Alubia blanca", "nombre": "Alubia blanca cocida ecologica Pedro Luis 425 g.", "imagen_src": "https://static.carrefour.es/hd_350x_/img_pim_food/895971_00_1.jpg", "precio_peso": "5,78 \u20ac/kg", "precio": "2,89 \u20ac", "oferta": "", "supermercado": "Carrefour"},
{"query": "Alubia blanca", "nombre": "Alubia blanca categoria extra Luengo 1 kg.", "imagen_src": "https://static.carrefour.es/hd_350x_/img_pim_food/032612_00_1.jpg", "precio_peso": "2,95 \u20ac/kg", "precio": "2,95 \u20ac", "oferta": "", "supermercado": "Carrefour"},
{"query": "Alubia blanca", "nombre": "", "imagen_src": "https://static.carrefour.es/hd_350x_/img_pim_food/911304_00_1.jpg", "precio_peso": "", "precio": "", "oferta": "", "supermercado": "Carrefour"},
{"query": "Alubia blanca", "nombre": "", "imagen_src": "https://static.carrefour.es/hd_350x_/img_pim_food/474658_00_1.jpg", "precio_peso": "", "precio": "2,09 \u20ac", "oferta": "", "supermercado": "Carrefour"},
],
[
{"query": "Alubia negra", "nombre": "Frijoles negros La Costena 580", "imagen_src": "https://static.carrefour.es/hd_350x_/img_pim_food/033244_00_1.jpg", "precio_peso": "9,83 \u20ac/kg", "precio": "2,85 \u20ac", "oferta": "", "supermercado": "Carrefour"},
{"query": "Alubia negra", "nombre": "Frijoles negros refritos La Costena 580 g.", "imagen_src": "https://static.carrefour.es/hd_350x_/img_pim_food/772477_00_1.jpg", "precio_peso": "4,64 \u20ac/kg", "precio": "2,69 \u20ac", "oferta": "", "supermercado": "Carrefour"},
],
[
{"query": "Crema de coco", "nombre": "Crema de coco ecologico Carrefour Bio brick 330 ml.", "imagen_src": "https://static.carrefour.es/hd_350x_/img_pim_food/702504_00_1.jpg", "precio_peso": "6,03 \u20ac/kg", "precio": "1,99 \u20ac", "oferta": "", "supermercado": "Carrefour"},
{"query": "Crema de coco", "nombre": "Crema De Coco 100% Natural - 450g- Hsn", "imagen_src": "https://static.carrefour.es/hd_350x_/imagenes/products/50563/29505/509/5056329505509/imagenGrande1.jpg", "precio_peso": "", "precio": "7,90 \u20ac", "oferta": "", "supermercado": "Carrefour"},
{"query": "Crema de coco", "nombre": "Choccafit Crema De Cacahuete, Coco Y Cacao - 300g- Hsn", "imagen_src": "https://static.carrefour.es/hd_350x_/imagenes/products/50563/29505/769/5056329505769/imagenGrande1.jpg", "precio_peso": "", "precio": "6,90 \u20ac", "oferta": "", "supermercado": "Carrefour"},
{"query": "Crema de coco", "nombre": "Taburete Acolchado Y Aterciopelado De Almacenamiento 300 Kg Coco - Crema", "imagen_src": "https://static.carrefour.es/hd_350x_/imagenes/products/40611/73157/638/4061173157638/imagenGrande1.jpg", "precio_peso": "", "precio": "74,99 \u20ac", "oferta": "", "supermercado": "Carrefour"},
{"query": "Crema de coco", "nombre": "", "imagen_src": "https://static.carrefour.es/hd_350x_/imagenes/products/50603/26275/174/5060326275174/imagenGrande1.jpg", "precio_peso": "", "precio": "4,50 \u20ac", "oferta": "", "supermercado": "Carrefour"},
{"query": "Crema de coco", "nombre": "", "imagen_src": "https://static.carrefour.es/hd_350x_/imagenes/products/50603/26277/758/5060326277758/imagenGrande1.jpg", "precio_peso": "", "precio": "9,90 \u20ac", "oferta": "", "supermercado": "Carrefour"},
],
[
{"query": "Crema de chocolate", "nombre": "Crema de chocolate Carrefour Classic sin aceite de palma 400 g.", "imagen_src": "https://static.carrefour.es/hd_350x_/img_pim_food/605045_00_1.jpg", "precio_peso": "4,97 \u20ac/kg", "precio": "1,99 \u20ac", "oferta": "", "supermercado": "Carrefour"},
{"query": "Crema de chocolate", "nombre": "Crema de chocolate Danone Vitalinea sin gluten pack de 4 unidades de 125 g.", "imagen_src": "https://static.carrefour.es/hd_350x_/img_pim_food/525300_00_1.jpg", "precio_peso": "4,98 \u20ac/kg", "precio": "2,49 \u20ac", "oferta": "", "supermercado": "Carrefour"},
{"query": "Crema de chocolate", "nombre": "Crema de chocolate fondant light Nestle Sveltesse sin gluten pack de 4 unidades de 125 g.", "imagen_src": "https://static.carrefour.es/hd_350x_/img_pim_food/621048_00_1.jpg", "precio_peso": "4,38 \u20ac/kg", "precio": "2,19 \u20ac", "oferta": "", "supermercado": "Carrefour"},
{"query": "Crema de chocolate", "nombre": "Crema de chocolate blanco Nestle Milkybar sin gluten pack de 2 unidades de 70 g.", "imagen_src": "https://static.carrefour.es/hd_350x_/img_pim_food/061920_00_1.jpg", "precio_peso": "10,79 \u20ac/kg", "precio": "1,51 \u20ac", "oferta": "", "supermercado": "Carrefour"},
{"query": "Crema de chocolate", "nombre": "", "imagen_src": "https://static.carrefour.es/hd_350x_/img_pim_food/061923_00_1.jpg", "precio_peso": "", "precio": "", "oferta": "", "supermercado": "Carrefour"},
{"query": "Crema de chocolate", "nombre": "", "imagen_src": "https://static.carrefour.es/hd_350x_/img_pim_food/350042_00_1.jpg", "precio_peso": "", "precio": "", "oferta": "", "supermercado": "Carrefour"},
],
[
{"query": "Crema de chocolate y nata", "nombre": "Copa de chocolate con nata Carrefour pack de 4 unidades de 115 g.", "imagen_src": "https://static.carrefour.es/hd_350x_/img_pim_food/249960_00_1.jpg", "precio_peso": "2,59 \u20ac/kg", "precio": "1,19 \u20ac", "oferta": "", "supermercado": "Carrefour"},
{"query": "Crema de chocolate y nata", "nombre": "Copa de chocolate con nata Danone La Copa pack de 2 unidades de 110 g.", "imagen_src": "https://static.carrefour.es/hd_350x_/img_pim_food/425386_00_1.jpg", "precio_peso": "6,32 \u20ac/kg", "precio": "1,39 \u20ac", "oferta": "", "supermercado": "Carrefour"},
{"query": "Crema de chocolate y nata", "nombre": "Copa de chocolate con nata Nestle - La Lechera pack de 4 unidades de 100 g.", "imagen_src": "https://static.carrefour.es/hd_350x_/img_pim_food/646009_00_1.jpg", "precio_peso": "5,62 \u20ac/kg", "precio": "2,25 \u20ac", "oferta": "", "supermercado": "Carrefour"},
{"query": "Crema de chocolate y nata", "nombre": "Copa mousse de chocolate con nata pasteurizada Carrefour pack de 4 unidades de 80 g.", "imagen_src": "https://static.carrefour.es/hd_350x_/img_pim_food/160266_00_1.jpg", "precio_peso": "4,53 \u20ac/kg", "precio": "1,45 \u20ac", "oferta": "", "supermercado": "Carrefour"},
{"query": "Crema de chocolate y nata", "nombre": "", "imagen_src": "https://static.carrefour.es/hd_350x_/img_pim_food/516491_00_1.jpg", "precio_peso": "", "precio": "", "oferta": "", "supermercado": "Carrefour"},
{"query": "Crema de chocolate y nata", "nombre": "", "imagen_src": "https://static.carrefour.es/hd_350x_/img_pim_food/943887_00_1.jpg", "precio_peso": "", "precio": "", "oferta": "", "supermercado": "Carrefour"},
],
[
{"query": "Arroz integral", "nombre": "Arroz integral para microondas Carrefour pack de 2 unidades de 125 g.", "imagen_src": "https://static.carrefour.es/hd_350x_/img_pim_food/034912_00_1.jpg", "precio_peso": "4,20 \u20ac/kg", "precio": "1,05 \u20ac", "oferta": "", "supermercado": "Carrefour"},
{"query": "Arroz integral", "nombre": "Arroz integral para microondas Brillante pack de 2 unidades de 125 g.", "imagen_src": "https://static.carrefour.es/hd_350x_/img_pim_food/580798_00_1.jpg", "precio_peso": "4,44 \u20ac/kg", "precio": "1,11 \u20ac", "oferta": "", "supermercado": "Carrefour"},
{"query": "Arroz integral", "nombre": "Arroz integral con quinoa roja para microondas Carrefour pack de 2 unidades de 125 g.", "imagen_src": "https://static.carrefour.es/hd_350x_/img_pim_food/010149_00_1.jpg", "precio_peso": "5,24 \u20ac/kg", "precio": "1,31 \u20ac", "oferta": "", "supermercado": "Carrefour"},
{"query": "Arroz integral", "nombre": "Tortitas de arroz integrales ecologicas Carrefour Bio 100 g.", "imagen_src": "https://static.carrefour.es/hd_350x_/img_pim_food/049997_00_1.jpg", "precio_peso": "8,60 \u20ac/kg", "precio": "0,86 \u20ac", "oferta": "", "supermercado": "Carrefour"},
{"query": "Arroz integral", "nombre": "", "imagen_src": "https://static.carrefour.es/hd_350x_/img_pim_food/891422_00_1.jpg", "precio_peso": "", "precio": "1,18 \u20ac", "oferta": "", "supermercado": "Carrefour"},
{"query": "Arroz integral", "nombre": "", "imagen_src": "https://static.carrefour.es/hd_350x_/img_pim_food/855856_00_1.jpg", "precio_peso": "", "precio": "1,52 \u20ac", "oferta": "", "supermercado": "Carrefour"},
],
[
{"query": "Coco desecado", "nombre": "Coco Desecado Fino En Polvo 150g- Hsn", "imagen_src": "https://static.carrefour.es/hd_350x_/imagenes/products/50603/26279/653/5060326279653/imagenGrande1.jpg", "precio_peso": "", "precio": "3,50 \u20ac", "oferta": "", "supermercado": "Carrefour"},
{"query": "Coco desecado", "nombre": "Coco Desecado Fino En Polvo 500g- Hsn", "imagen_src": "https://static.carrefour.es/hd_350x_/imagenes/products/50603/26279/660/5060326279660/imagenGrande1.jpg", "precio_peso": "", "precio": "9,90 \u20ac", "oferta": "", "supermercado": "Carrefour"},
{"query": "Coco desecado", "nombre": "Champu hidratante con agua de coco & bambu para pelo apagado deshidratado Carrefour Soft 400 ml.", "imagen_src": "https://static.carrefour.es/hd_350x_/img_pim_food/467855_00_1.jpg", "precio_peso": "0,50 \u20ac/100ml", "precio": "1,99 \u20ac", "oferta": "", "supermercado": "Carrefour"},
],
[
{"query": "Coco fresco", "nombre": "Yogur de coco, fresa, frutos del bosque y macedonia Danone sin gluten pack de 8 unidades de 120 g.", "imagen_src": "https://static.carrefour.es/hd_350x_/img_pim_food/058825_00_1.jpg", "precio_peso": "2,34 \u20ac/kg", "precio": "2,25 \u20ac", "oferta": "", "supermercado": "Carrefour"},
{"query": "Coco fresco", "nombre": "Coco de agua selecta BIO Peso min 800 g", "imagen_src": "https://static.carrefour.es/hd_350x_/img_pim_food/985815_00_1.jpg", "precio_peso": "1,49 \u20ac/ud", "precio": "1,49 \u20ac", "oferta": "", "supermercado": "Carrefour"},
{"query": "Coco fresco", "nombre": "Cocochas de merluza ultracongelados Delfin 400 g.", "imagen_src": "https://static.carrefour.es/hd_350x_/img_pim_food/049515_00_1.jpg", "precio_peso": "34,97 \u20ac/kg", "precio": "13,99 \u20ac", "oferta": "", "supermercado": "Carrefour"},
{"query": "Coco fresco", "nombre": "Chips De Coco Natural 1000g Nut&me - Laminas 100% Coco", "imagen_src": "https://static.carrefour.es/hd_350x_/imagenes/products/84452/25115/863/8445225115863/imagenGrande1.jpg", "precio_peso": "", "precio": "1,09 \u20ac", "oferta": "", "supermercado": "Carrefour"},
{"query": "Coco fresco", "nombre": "", "imagen_src": "https://static.carrefour.es/hd_350x_/imagenes/products/84452/25115/856/8445225115856/imagenGrande1.jpg", "precio_peso": "", "precio": "", "oferta": "", "supermercado": "Carrefour"},
{"query": "Coco fresco", "nombre": "", "imagen_src": "https://static.carrefour.es/hd_350x_/imagenes/products/84452/25116/907/8445225116907/imagenGrande1.jpg", "precio_peso": "", "precio": "", "oferta": "", "supermercado": "Carrefour"},
],
[
{"query": "Leche de coco", "nombre": "Champu hidratacion con leche de coco bio:renew Herbal Essences 400 ml.", "imagen_src": "https://static.carrefour.es/hd_350x_/img_pim_food/844099_00_1.jpg", "precio_peso": "1,29 \u20ac/100ml", "precio": "5,15 \u20ac", "oferta": "", "supermercado": "Carrefour"},
{"query": "Leche de coco", "nombre": "Barritas de cereales con chocolate con leche y coco Carrefour 6 unidades de 20,83 g.", "imagen_src": "https://static.carrefour.es/hd_350x_/img_pim_food/841945_00_1.jpg", "precio_peso": "7,92 \u20ac/kg", "precio": "0,99 \u20ac", "oferta": "", "supermercado": "Carrefour"},
{"query": "Leche de coco", "nombre": "Locion corporal cuidado restaurador con aceite de coco y leche de almendras para piel seca Dove 400 ml.", "imagen_src": "https://static.carrefour.es/hd_350x_/img_pim_food/190967_00_1.jpg", "precio_peso": "1,14 \u20ac/100ml", "precio": "4,55 \u20ac", "oferta": "", "supermercado": "Carrefour"},
{"query": "Leche de coco", "nombre": "Untable vegano con coco, manteca de karite y almendra ecologico Naturli sin leche 200 g.", "imagen_src": "https://static.carrefour.es/hd_350x_/img_pim_food/304841_00_1.jpg", "precio_peso": "16,75 \u20ac/kg", "precio": "3,35 \u20ac", "oferta": "", "supermercado": "Carrefour"},
{"query": "Leche de coco", "nombre": "", "imagen_src": "https://static.carrefour.es/hd_350x_/imagenes/products/40054/02015/276/4005402015276/imagenGrande1.jpg", "precio_peso": "", "precio": "", "oferta": "", "supermercado": "Carrefour"},
{"query": "Leche de coco", "nombre": "", "imagen_src": "https://static.carrefour.es/hd_350x_/imagenes/products/50002/43800/714/5000243800714/imagenGrande1.jpg", "precio_peso": "", "precio": "", "oferta": "", "supermercado": "Carrefour"},
],
[
],
[
{"query": "Leche merengada", "nombre": "Bebida lactea de leche merengada sabor canela y limon Ram sin gluten brik 1 l.", "imagen_src": "https://static.carrefour.es/hd_350x_/img_pim_food/041335_00_1.jpg", "precio_peso": "1,69 \u20ac/l", "precio": "1,69 \u20ac", "oferta": "", "supermercado": "Carrefour"},
{"query": "Leche merengada", "nombre": "Leche merengada Carrefour sin gluten 1 l.", "imagen_src": "https://static.carrefour.es/hd_350x_/img_pim_food/496524_00_1.jpg", "precio_peso": "1,29 \u20ac/l", "precio": "1,29 \u20ac", "oferta": "", "supermercado": "Carrefour"},
{"query": "Leche merengada", "nombre": "Helado de leche merengada Carrefour Extra sin gluten 1000 ml.", "imagen_src": "https://static.carrefour.es/hd_350x_/img_pim_food/414330_00_1.jpg", "precio_peso": "4,09 \u20ac/kg", "precio": "2,25 \u20ac", "oferta": "", "supermercado": "Carrefour"},
{"query": "Leche merengada", "nombre": "Isowhey 5lb Leche Merengada & Cinanamon", "imagen_src": "https://static.carrefour.es/hd_350x_/imagenes/products/84360/46973/015/8436046973015/imagenGrande1.jpg", "precio_peso": "", "precio": "62,90 \u20ac", "oferta": "", "supermercado": "Carrefour"},
],
[
],
[
{"query": "Leche desnatada ", "nombre": "Leche desnatada Carrefour brik 1 l.", "imagen_src": "https://static.carrefour.es/hd_350x_/img_pim_food/231393_00_1.jpg", "precio_peso": "0,78 \u20ac/l", "precio": "0,78 \u20ac", "oferta": "", "supermercado": "Carrefour"},
{"query": "Leche desnatada ", "nombre": "Leche desnatada Central Lechera Asturiana brik 1 l.", "imagen_src": "https://static.carrefour.es/hd_350x_/img_pim_food/020275_00_1.jpg", "precio_peso": "0,95 \u20ac/l", "precio": "0,95 \u20ac", "oferta": "", "supermercado": "Carrefour"},
{"query": "Leche desnatada ", "nombre": "Leche desnatada brik 1 l.", "imagen_src": "https://static.carrefour.es/hd_350x_/img_pim_food/183487_00_1.jpg", "precio_peso": "0,75 \u20ac/l", "precio": "0,75 \u20ac", "oferta": "", "supermercado": "Carrefour"},
{"query": "Leche desnatada ", "nombre": "Leche desnatada President brik 1 l.", "imagen_src": "https://static.carrefour.es/hd_350x_/img_pim_food/002786_00_1.jpg", "precio_peso": "0,89 \u20ac/l", "precio": "0,89 \u20ac", "oferta": "", "supermercado": "Carrefour"},
{"query": "Leche desnatada ", "nombre": "", "imagen_src": "https://static.carrefour.es/hd_350x_/img_pim_food/231300_00_1.jpg", "precio_peso": "", "precio": "", "oferta": "", "supermercado": "Carrefour"},
{"query": "Leche desnatada ", "nombre": "", "imagen_src": "https://static.carrefour.es/hd_350x_/img_pim_food/049435_00_1.jpg", "precio_peso": "", "precio": "", "oferta": "", "supermercado": "Carrefour"},
],
[
{"query": "Leche semidesnatada ", "nombre": "Leche semidesnatada Carrefour brik 1 l.", "imagen_src": "https://static.carrefour.es/hd_350x_/img_pim_food/231394_00_1.jpg", "precio_peso": "0,78 \u20ac/l", "precio": "0,78 \u20ac", "oferta": "", "supermercado": "Carrefour"},
{"query": "Leche semidesnatada ", "nombre": "Leche semidesnatada Central Lechera Asturiana brik 1 l.", "imagen_src": "https://static.carrefour.es/hd_350x_/img_pim_food/020274_00_1.jpg", "precio_peso": "0,95 \u20ac/l", "precio": "0,95 \u20ac", "oferta": "", "supermercado": "Carrefour"},
{"query": "Leche semidesnatada ", "nombre": "Leche semidesnatada brik 1 l.", "imagen_src": "https://static.carrefour.es/hd_350x_/img_pim_food/183479_00_1.jpg", "precio_peso": "0,75 \u20ac/l", "precio": "0,75 \u20ac", "oferta": "", "supermercado": "Carrefour"},
{"query": "Leche semidesnatada ", "nombre": "Leche semidesnatada President brik 1 l.", "imagen_src": "https://static.carrefour.es/hd_350x_/img_pim_food/002785_00_1.jpg", "precio_peso": "0,89 \u20ac/l", "precio": "0,89 \u20ac", "oferta": "", "supermercado": "Carrefour"},
{"query": "Leche semidesnatada ", "nombre": "", "imagen_src": "https://static.carrefour.es/hd_350x_/img_pim_food/049424_00_1.jpg", "precio_peso": "", "precio": "", "oferta": "", "supermercado": "Carrefour"},
{"query": "Leche semidesnatada ", "nombre": "", "imagen_src": "https://static.carrefour.es/hd_350x_/img_pim_food/971658_00_1.jpg", "precio_peso": "", "precio": "", "oferta": "", "supermercado": "Carrefour"},
],
[
],
[
{"query": "Mousse de queso fresco", "nombre": "Mousse de queso con nueces Rondele President 125 g.", "imagen_src": "https://static.carrefour.es/hd_350x_/img_pim_food/143734_00_1.jpg", "precio_peso": "16,72 \u20ac/kg", "precio": "2,09 \u20ac", "oferta": "", "supermercado": "Carrefour"},
{"query": "Mousse de queso fresco", "nombre": "Caja Regalo Gastronomia - Visita Al Museo Y Bodega Blanca Terra Con Maridaje De Queso Y Vino", "imagen_src": "https://static.carrefour.es/hd_350x_/imagenes/products/36081/10224/643/3608110224643/imagenGrande1.jpg", "precio_peso": "", "precio": "65,90 \u20ac", "oferta": "", "supermercado": "Carrefour"},
],
[
{"query": "Mousse de yogur con frutas", "nombre": "Mousse de limon Nestle La Lechera sin gluten pack de 4 unidades de 62 g.", "imagen_src": "https://static.carrefour.es/hd_350x_/img_pim_food/003744_00_1.jpg", "precio_peso": "9,28 \u20ac/kg", "precio": "2,19 \u20ac", "oferta": "", "supermercado": "Carrefour"},
{"query": "Mousse de yogur con frutas", "nombre": "Mousse de limon Danone pack de 4 unidades de 65 g.", "imagen_src": "https://static.carrefour.es/hd_350x_/img_pim_food/429663_00_1.jpg", "precio_peso": "8,81 \u20ac/kg", "precio": "2,29 \u20ac", "oferta": "", "supermercado": "Carrefour"},
],
[
{"query": "Mousse de yogur natural", "nombre": "Mousse natural azucarado Danone sin gluten pack de 4 unidades de 65 g.", "imagen_src": "https://static.carrefour.es/hd_350x_/img_pim_food/780223_00_1.jpg", "precio_peso": "8,65 \u20ac/kg", "precio": "2,25 \u20ac", "oferta": "", "supermercado": "Carrefour"},
],
[
{"query": "Anacardo", "nombre": "Anacardos crudos Carrefour 150 g", "imagen_src": "https://static.carrefour.es/hd_350x_/img_pim_food/525796_00_1.jpg", "precio_peso": "19,93 \u20ac/kg", "precio": "2,99 \u20ac", "oferta": "", "supermercado": "Carrefour"},
{"query": "Anacardo", "nombre": "Anacardos fritos y salados Carrefour 200 g.", "imagen_src": "https://static.carrefour.es/hd_350x_/img_pim_food/603812_00_1.jpg", "precio_peso": "10,25 \u20ac/kg", "precio": "2,05 \u20ac", "oferta": "", "supermercado": "Carrefour"},
{"query": "Anacardo", "nombre": "Anacardos tostados sin sal anadida Frit Ravich sin gluten 110 g.", "imagen_src": "https://static.carrefour.es/hd_350x_/img_pim_food/992406_00_1.jpg", "precio_peso": "26,82 \u20ac/kg", "precio": "2,95 \u20ac", "oferta": "", "supermercado": "Carrefour"},
{"query": "Anacardo", "nombre": "Anacardos fritos salados ecologicos Carrefour Bio 100 g.", "imagen_src": "https://static.carrefour.es/hd_350x_/img_pim_food/637790_00_1.jpg", "precio_peso": "15,30 \u20ac/kg", "precio": "1,53 \u20ac", "oferta": "", "supermercado": "Carrefour"},
{"query": "Anacardo", "nombre": "", "imagen_src": "https://static.carrefour.es/hd_350x_/img_pim_food/298267_00_1.jpg", "precio_peso": "", "precio": "", "oferta": "", "supermercado": "Carrefour"},
{"query": "Anacardo", "nombre": "", "imagen_src": "https://static.carrefour.es/hd_350x_/img_pim_food/492059_00_1.jpg", "precio_peso": "", "precio": "", "oferta": "", "supermercado": "Carrefour"},
],
[
{"query": "Petit su\u00efsse", "nombre": "Petit Pittacum Tinto 2021", "imagen_src": "https://static.carrefour.es/hd_350x_/img_pim_food/148126_00_2_Bodega.jpg", "precio_peso": "6,89 \u20ac/ud", "precio": "6,89 \u20ac", "oferta": "", "supermercado": "Carrefour"},
{"query": "Petit su\u00efsse", "nombre": "Pago Del Vicario Petit Verdot Rosado 2021", "imagen_src": "https://static.carrefour.es/hd_350x_/img_pim_food/450113_00_2_Bodega.jpg", "precio_peso": "7,05 \u20ac/ud", "precio": "7,05 \u20ac", "oferta": "", "supermercado": "Carrefour"},
{"query": "Petit su\u00efsse", "nombre": "Petit Albet Brut Reserva Espumoso Brut 2019", "imagen_src": "https://static.carrefour.es/hd_350x_/img_pim_food/161946_00_2_Bodega.jpg", "precio_peso": "9,19 \u20ac/ud", "precio": "9,19 \u20ac", "oferta": "", "supermercado": "Carrefour"},
{"query": "Petit su\u00efsse", "nombre": "Hello World Petit Verdot Tinto 2021", "imagen_src": "https://static.carrefour.es/hd_350x_/img_pim_food/323886_00_2_Bodega.jpg", "precio_peso": "5,55 \u20ac/ud", "precio": "5,55 \u20ac", "oferta": "", "supermercado": "Carrefour"},
{"query": "Petit su\u00efsse", "nombre": "", "imagen_src": "https://static.carrefour.es/hd_350x_/img_pim_food/339617_00_2_Bodega.jpg", "precio_peso": "", "precio": "", "oferta": "", "supermercado": "Carrefour"},
{"query": "Petit su\u00efsse", "nombre": "", "imagen_src": "https://static.carrefour.es/hd_350x_/img_pim_food/256697_00_2_Bodega.jpg", "precio_peso": "", "precio": "", "oferta": "", "supermercado": "Carrefour"},
],
[
{"query": "Cacahuete frito ", "nombre": "Cacahuetes fritos sin sal anadida Carrefour 200 g.", "imagen_src": "https://static.carrefour.es/hd_350x_/img_pim_food/513752_00_1.jpg", "precio_peso": "4,95 \u20ac/kg", "precio": "0,99 \u20ac", "oferta": "", "supermercado": "Carrefour"},
{"query": "Cacahuete frito ", "nombre": "Cacahuete repelado frito y salado Simpl 1 kg.", "imagen_src": "https://static.carrefour.es/hd_350x_/img_pim_food/237795_00_1.jpg", "precio_peso": "3,35 \u20ac/kg", "precio": "3,35 \u20ac", "oferta": "", "supermercado": "Carrefour"},
{"query": "Cacahuete frito ", "nombre": "Cacahuetes fritos y salados Seleccion Borges sin gluten 200 g.", "imagen_src": "https://static.carrefour.es/hd_350x_/img_pim_food/460687_00_1.jpg", "precio_peso": "8,25 \u20ac/kg", "precio": "1,65 \u20ac", "oferta": "", "supermercado": "Carrefour"},
{"query": "Cacahuete frito ", "nombre": "Cacahuetes pelados fritos ecologicos Carrefour Bio doy pack 125 g.", "imagen_src": "https://static.carrefour.es/hd_350x_/img_pim_food/464792_00_1.jpg", "precio_peso": "7,92 \u20ac/kg", "precio": "0,99 \u20ac", "oferta": "", "supermercado": "Carrefour"},
{"query": "Cacahuete frito ", "nombre": "", "imagen_src": "https://static.carrefour.es/hd_350x_/img_pim_food/760947_00_1.jpg", "precio_peso": "", "precio": "", "oferta": "", "supermercado": "Carrefour"},
{"query": "Cacahuete frito ", "nombre": "", "imagen_src": "https://static.carrefour.es/hd_350x_/img_pim_food/792767_00_1.jpg", "precio_peso": "", "precio": "", "oferta": "", "supermercado": "Carrefour"},
],
[
{"query": "Petit suisse fresa", "nombre": "Petit de fresa y platano Danonino sin gluten pack de 6 unidades de 50 g.", "imagen_src": "https://static.carrefour.es/hd_350x_/img_pim_food/402094_00_1.jpg", "precio_peso": "4,30 \u20ac/kg", "precio": "1,29 \u20ac", "oferta": "", "supermercado": "Carrefour"},
{"query": "Petit suisse fresa", "nombre": "Petit de fresa Danonino sin gluten pack de 6 unidades de 50 g.", "imagen_src": "https://static.carrefour.es/hd_350x_/img_pim_food/402191_00_1.jpg", "precio_peso": "4,30 \u20ac/kg", "precio": "1,29 \u20ac", "oferta": "", "supermercado": "Carrefour"},
{"query": "Petit suisse fresa", "nombre": "Petit de fresa Carrefour Kids en bolsitas pack de 4 unidades de 90 g.", "imagen_src": "https://static.carrefour.es/hd_350x_/img_pim_food/613119_00_1.jpg", "precio_peso": "4,31 \u20ac/kg", "precio": "1,55 \u20ac", "oferta": "", "supermercado": "Carrefour"},
{"query": "Petit suisse fresa", "nombre": "Petit de fresa y de fresa-platano Carrefour Classic' sin gluten pack de 12 unidades de 60 g.", "imagen_src": "https://static.carrefour.es/hd_350x_/img_pim_food/430884_00_1.jpg", "precio_peso": "1,74 \u20ac/kg", "precio": "1,25 \u20ac", "oferta": "", "supermercado": "Carrefour"},
{"query": "Petit suisse fresa", "nombre": "", "imagen_src": "https://static.carrefour.es/hd_350x_/img_pim_food/402144_00_1.jpg", "precio_peso": "", "precio": "", "oferta": "", "supermercado": "Carrefour"},
{"query": "Petit suisse fresa", "nombre": "", "imagen_src": "https://static.carrefour.es/hd_350x_/img_pim_food/596622_00_1.jpg", "precio_peso": "", "precio": "", "oferta": "", "supermercado": "Carrefour"},
],
[
{"query": "Petit suisse l\u00edquido", "nombre": "Jabon Liquido Petit Cheri 75797", "imagen_src": "https://static.carrefour.es/hd_350x_/imagenes/products/84122/07112/608/8412207112608/imagenGrande1.jpg", "precio_peso": "", "precio": "4,62 \u20ac", "oferta": "", "supermercado": "Carrefour"},
],
[
],
[
{"query": "Queso oveja y cabra", "nombre": "Pack Quesos Curado De Oveja + Curado De Cabra", "imagen_src": "https://static.carrefour.es/hd_350x_/imagenes/products/21000/00170/645/2100000170645/imagenGrande1.jpg", "precio_peso": "", "precio": "37,80 \u20ac", "oferta": "", "supermercado": "Carrefour"},
],
[
],
[
{"query": "Queso oveja y vaca", "nombre": "Colchon HR OMEGA 105x190 cm - Chocolate", "imagen_src": "https://static.carrefour.es/hd_350x_/crs/cdn_static/catalog/hd/858127_00_1.jpg", "precio_peso": "", "precio": "162 \u20ac", "oferta": "", "supermercado": "Carrefour"},
{"query": "Queso oveja y vaca", "nombre": "Colchon HR OMEGA 135x190 cm - Chocolate", "imagen_src": "https://static.carrefour.es/hd_350x_/crs/cdn_static/catalog/hd/858129_00_1.jpg", "precio_peso": "", "precio": "187 \u20ac", "oferta": "", "supermercado": "Carrefour"},
{"query": "Queso oveja y vaca", "nombre": "Colchon HR OMEGA 90x190 cm - Chocolate", "imagen_src": "https://static.carrefour.es/hd_350x_/crs/cdn_static/catalog/hd/858280_00_1.jpg", "precio_peso": "", "precio": "124 \u20ac", "oferta": "", "supermercado": "Carrefour"},
{"query": "Queso oveja y vaca", "nombre": "Colchon HR con Visco OMEGA 135x190 cm - Chocolate", "imagen_src": "https://static.carrefour.es/hd_350x_/crs/cdn_static/catalog/hd/858133_00_1.jpg", "precio_peso": "", "precio": "222 \u20ac", "oferta": "", "supermercado": "Carrefour"},
{"query": "Queso oveja y vaca", "nombre": "Colchon HR con Visco OMEGA - 105x190 cm - Chocolate", "imagen_src": "https://static.carrefour.es/hd_350x_/crs/cdn_static/catalog/hd/858148_00_1.jpg", "precio_peso": "", "precio": "187 \u20ac", "oferta": "", "supermercado": "Carrefour"},
{"query": "Queso oveja y vaca", "nombre": "Colchon HR OMEGA 150x200 cm - Chocolate", "imagen_src": "https://static.carrefour.es/hd_350x_/crs/cdn_static/catalog/hd/858130_00_1.jpg", "precio_peso": "", "precio": "234 \u20ac", "oferta": "", "supermercado": "Carrefour"},
],
[
{"query": "Queso fresco cabra", "nombre": "Queso fresco de cabra Burgo de Arias pack de 3 unidades de 70 g.", "imagen_src": "https://static.carrefour.es/hd_350x_/img_pim_food/846918_00_1.jpg", "precio_peso": "18,33 \u20ac/kg", "precio": "3,85 \u20ac", "oferta": "", "supermercado": "Carrefour"},
{"query": "Queso fresco cabra", "nombre": "Queso fresco cabra Garcia Baquero 500 g.", "imagen_src": "https://static.carrefour.es/hd_350x_/img_pim_food/090452_00_1.jpg", "precio_peso": "17,10 \u20ac/kg", "precio": "8,55 \u20ac", "oferta": "", "supermercado": "Carrefour"},
{"query": "Queso fresco cabra", "nombre": "Queso de cabra Carrefour sin lactosa 280 g", "imagen_src": "https://static.carrefour.es/hd_350x_/img_pim_food/680078_00_1.jpg", "precio_peso": "17,68 \u20ac/kg", "precio": "4,95 \u20ac", "oferta": "", "supermercado": "Carrefour"},
{"query": "Queso fresco cabra", "nombre": "Queso de cabra rulo Carrefour 180 g", "imagen_src": "https://static.carrefour.es/hd_350x_/img_pim_food/711300_00_1.jpg", "precio_peso": "15,83 \u20ac/kg", "precio": "2,85 \u20ac", "oferta": "", "supermercado": "Carrefour"},
{"query": "Queso fresco cabra", "nombre": "", "imagen_src": "https://static.carrefour.es/hd_350x_/img_pim_food/711233_00_1.jpg", "precio_peso": "", "precio": "2,50 \u20ac", "oferta": "", "supermercado": "Carrefour"},
{"query": "Queso fresco cabra", "nombre": "", "imagen_src": "https://static.carrefour.es/hd_350x_/img_pim_food/711231_00_1.jpg", "precio_peso": "", "precio": "2,50 \u20ac", "oferta": "", "supermercado": "Carrefour"},
],
[
{"query": "Casta\u00f1a", "nombre": "", "imagen_src": "https://static.carrefour.es/hd_350x_/img_pim_food/215218_00_2_Bodega.jpg", "precio_peso": "7,30 \u20ac/ud", "precio": "7,30 \u20ac", "oferta": "", "supermercado": "Carrefour"},
{"query": "Casta\u00f1a", "nombre": "Castano Tinto 2019", "imagen_src": "https://static.carrefour.es/hd_350x_/img_pim_food/215222_00_2_Bodega.jpg", "precio_peso": "6,95 \u20ac/ud", "precio": "6,95 \u20ac", "oferta": "", "supermercado": "Carrefour"},
{"query": "Casta\u00f1a", "nombre": "Castanas precocidas Flor do Mino 200 g", "imagen_src": "https://static.carrefour.es/hd_350x_/img_pim_food/257720_00_1.jpg", "precio_peso": "19,95 \u20ac/kg", "precio": "3,99 \u20ac", "oferta": "", "supermercado": "Carrefour"},
{"query": "Casta\u00f1a", "nombre": "Castanas en almibar Cuevas 240 g.", "imagen_src": "https://static.carrefour.es/hd_350x_/img_pim_food/264869_00_1.jpg", "precio_peso": "27,88 \u20ac/kg", "precio": "6,69 \u20ac", "oferta": "", "supermercado": "Carrefour"},
{"query": "Casta\u00f1a", "nombre": "", "imagen_src": "https://static.carrefour.es/hd_350x_/img_pim_food/366240_00_1.jpg", "precio_peso": "", "precio": "", "oferta": "", "supermercado": "Carrefour"},
{"query": "Casta\u00f1a", "nombre": "", "imagen_src": "https://static.carrefour.es/hd_350x_/img_pim_food/366234_00_1.jpg", "precio_peso": "", "precio": "", "oferta": "", "supermercado": "Carrefour"},
],
[
{"query": "Lim\u00f3n zumo", "nombre": "Font Vella La Limonada con zumo de limon sin gas zero botella 1,25 l.", "imagen_src": "https://static.carrefour.es/hd_350x_/img_pim_food/205163_00_1.jpg", "precio_peso": "1,22 \u20ac/l", "precio": "1,53 \u20ac", "oferta": "", "supermercado": "Carrefour"},
{"query": "Lim\u00f3n zumo", "nombre": "Font Vella La Limonada con zumo de limon sin gas botella 1,25 l.", "imagen_src": "https://static.carrefour.es/hd_350x_/img_pim_food/424114_00_1.jpg", "precio_peso": "1,22 \u20ac/l", "precio": "1,53 \u20ac", "oferta": "", "supermercado": "Carrefour"},
{"query": "Lim\u00f3n zumo", "nombre": "Agua mineral Carrefour con zumo de limon zero sin azucares anadidos 1,5 l.", "imagen_src": "https://static.carrefour.es/hd_350x_/img_pim_food/435083_00_1.jpg", "precio_peso": "0,78 \u20ac/l", "precio": "1,17 \u20ac", "oferta": "", "supermercado": "Carrefour"},
{"query": "Lim\u00f3n zumo", "nombre": "Agua mineral Font Vella Sensacion con zumo de limon 1,25 l.", "imagen_src": "https://static.carrefour.es/hd_350x_/img_pim_food/606454_00_1.jpg", "precio_peso": "1,26 \u20ac/l", "precio": "1,58 \u20ac", "oferta": "", "supermercado": "Carrefour"},
{"query": "Lim\u00f3n zumo", "nombre": "", "imagen_src": "https://static.carrefour.es/hd_350x_/img_pim_food/485552_00_1.jpg", "precio_peso": "", "precio": "0,99 \u20ac", "oferta": "", "supermercado": "Carrefour"},
{"query": "Lim\u00f3n zumo", "nombre": "", "imagen_src": "https://static.carrefour.es/hd_350x_/img_pim_food/196826_00_1.jpg", "precio_peso": "", "precio": "0,69 \u20ac", "oferta": "", "supermercado": "Carrefour"},
],
[
{"query": "Guayaba", "nombre": "Nectar de guayaba Carrefour brik 1 l.", "imagen_src": "https://static.carrefour.es/hd_350x_/img_pim_food/855251_00_1.jpg", "precio_peso": "1,14 \u20ac/l", "precio": "1,14 \u20ac", "oferta": "", "supermercado": "Carrefour"},
{"query": "Guayaba", "nombre": "Guayabo Fresa - 1ud. - Maceta De Tubo", "imagen_src": "https://static.carrefour.es/hd_350x_/imagenes/products/84292/82587/399/8429282587399/imagenGrande1.jpg", "precio_peso": "", "precio": "30,25 \u20ac", "oferta": "", "supermercado": "Carrefour"},
{"query": "Guayaba", "nombre": "Agua con gas Perrier con zumo de limon y guayaba 250 ml", "imagen_src": "https://static.carrefour.es/hd_350x_/img_pim_food/485552_00_1.jpg", "precio_peso": "3,96 \u20ac/l", "precio": "0,99 \u20ac", "oferta": "", "supermercado": "Carrefour"},
{"query": "Guayaba", "nombre": "Leggings Guayaba Desigual", "imagen_src": "https://static.carrefour.es/hd_350x_/imagenes/products/84344/86584/501/8434486584501/imagenGrande1.jpg", "precio_peso": "", "precio": "8,99 \u20ac", "oferta": "", "supermercado": "Carrefour"},
{"query": "Guayaba", "nombre": "", "imagen_src": "https://static.carrefour.es/hd_350x_/imagenes/products/84344/86589/414/8434486589414/imagenGrande1.jpg", "precio_peso": "", "precio": "8,99 \u20ac", "oferta": "", "supermercado": "Carrefour"},
{"query": "Guayaba", "nombre": "", "imagen_src": "https://static.carrefour.es/hd_350x_/imagenes/products/84355/45506/298/8435545506298/imagenGrande1.jpg", "precio_peso": "", "precio": "19,84 \u20ac", "oferta": "", "supermercado": "Carrefour"},
],
[
{"query": "Queso fundido", "nombre": "Queso fundido en lonchas Carrefour 400 g.", "imagen_src": "https://static.carrefour.es/hd_350x_/img_pim_food/519609_00_1.jpg", "precio_peso": "4,37 \u20ac/kg", "precio": "1,75 \u20ac", "oferta": "", "supermercado": "Carrefour"},
{"query": "Queso fundido", "nombre": "Queso fundido para hamburguesa Carrefour 300 g.", "imagen_src": "https://static.carrefour.es/hd_350x_/img_pim_food/937989_00_1.jpg", "precio_peso": "6 \u20ac/kg", "precio": "1,80 \u20ac", "oferta": "", "supermercado": "Carrefour"},
{"query": "Queso fundido", "nombre": "Queso fundido en porciones 250 g.", "imagen_src": "https://static.carrefour.es/hd_350x_/img_pim_food/203602_00_1.jpg", "precio_peso": "5,28 \u20ac/kg", "precio": "1,32 \u20ac", "oferta": "", "supermercado": "Carrefour"},
{"query": "Queso fundido", "nombre": "Queso fundido Light porciones 16 ud. Carrefour 250 g.", "imagen_src": "https://static.carrefour.es/hd_350x_/img_pim_food/316686_00_1.jpg", "precio_peso": "6,20 \u20ac/kg", "precio": "1,55 \u20ac", "oferta": "", "supermercado": "Carrefour"},
{"query": "Queso fundido", "nombre": "", "imagen_src": "https://static.carrefour.es/hd_350x_/img_pim_food/003153_00_1.jpg", "precio_peso": "", "precio": "2,17 \u20ac", "oferta": "", "supermercado": "Carrefour"},
{"query": "Queso fundido", "nombre": "", "imagen_src": "https://static.carrefour.es/hd_350x_/img_pim_food/702943_00_1.jpg", "precio_peso": "", "precio": "2,20 \u20ac", "oferta": "", "supermercado": "Carrefour"},
],
[
{"query": "Queso Gouda", "nombre": "Queso gouda en lonchas Margui 300 g.", "imagen_src": "https://static.carrefour.es/hd_350x_/img_pim_food/519309_00_1.jpg", "precio_peso": "8,67 \u20ac/kg", "precio": "2,60 \u20ac", "oferta": "", "supermercado": "Carrefour"},
{"query": "Queso Gouda", "nombre": "Queso gouda loncheado Carrefour 150 g.", "imagen_src": "https://static.carrefour.es/hd_350x_/img_pim_food/873945_00_1.jpg", "precio_peso": "13,27 \u20ac/kg", "precio": "1,99 \u20ac", "oferta": "", "supermercado": "Carrefour"},
{"query": "Queso Gouda", "nombre": "Queso de vaca tierno gouda de Holanda Carrefour 450 g aprox", "imagen_src": "https://static.carrefour.es/hd_350x_/img_pim_food/673650_00_1.jpg", "precio_peso": "6,87 \u20ac/kg", "precio": "3,09 \u20ac", "oferta": "", "supermercado": "Carrefour"},
{"query": "Queso Gouda", "nombre": "Queso de vaca gouda curado Old Amsterdam Westland pieza de 300 g aprox", "imagen_src": "https://static.carrefour.es/hd_350x_/img_pim_food/674629_00_1.jpg", "precio_peso": "19,70 \u20ac/kg", "precio": "5,91 \u20ac", "oferta": "", "supermercado": "Carrefour"},
{"query": "Queso Gouda", "nombre": "", "imagen_src": "https://static.carrefour.es/hd_350x_/img_pim_food/683275_00_1.jpg", "precio_peso": "", "precio": "", "oferta": "", "supermercado": "Carrefour"},
{"query": "Queso Gouda", "nombre": "", "imagen_src": "https://static.carrefour.es/hd_350x_/img_pim_food/689600_00_1.jpg", "precio_peso": "", "precio": "", "oferta": "", "supermercado": "Carrefour"},
],
[
{"query": "Queso Manchego", "nombre": "Queso de oveja Manchego curado De Nuestra Tierra cuna de 500 g aprox", "imagen_src": "https://static.carrefour.es/hd_350x_/img_pim_food/674160_00_1.jpg", "precio_peso": "15,95 \u20ac/kg", "precio": "7,97 \u20ac", "oferta": "", "supermercado": "Carrefour"},
{"query": "Queso Manchego", "nombre": "Queso manchego de oveja Don Julian curado viejo D.O.P. Sanabria cuna de 200 g.", "imagen_src": "https://static.carrefour.es/hd_350x_/img_pim_food/678754_00_1.jpg", "precio_peso": "17,75 \u20ac/kg", "precio": "3,55 \u20ac", "oferta": "", "supermercado": "Carrefour"},
{"query": "Queso Manchego", "nombre": "Queso de oveja curado manchego artesano D.O.P. De Nuestra Tierra 125 g", "imagen_src": "https://static.carrefour.es/hd_350x_/img_pim_food/689698_00_1.jpg", "precio_peso": "34 \u20ac/kg", "precio": "4,25 \u20ac", "oferta": "", "supermercado": "Carrefour"},
{"query": "Queso Manchego", "nombre": "Pizza 4 quesos con salsa manchega Pizza & Salsa Campofrio 365 g.", "imagen_src": "https://static.carrefour.es/hd_350x_/img_pim_food/624563_00_1.jpg", "precio_peso": "7,81 \u20ac/kg", "precio": "2,85 \u20ac", "oferta": "", "supermercado": "Carrefour"},
{"query": "Queso Manchego", "nombre": "", "imagen_src": "https://static.carrefour.es/hd_350x_/img_pim_food/705219_00_1.jpg", "precio_peso": "", "precio": "", "oferta": "", "supermercado": "Carrefour"},
{"query": "Queso Manchego", "nombre": "", "imagen_src": "https://static.carrefour.es/hd_350x_/img_pim_food/712268_00_1.jpg", "precio_peso": "", "precio": "", "oferta": "", "supermercado": "Carrefour"},
],
[
{"query": "Macedonia de frutas", "nombre": "Tarrito de macedonia de frutas desde 6 meses Nutriben 250 g.", "imagen_src": "https://static.carrefour.es/hd_350x_/img_pim_food/330966_00_1.jpg", "precio_peso": "4,21 \u20ac/kg", "precio": "0,99 \u20ac", "oferta": "", "supermercado": "Carrefour"},
{"query": "Macedonia de frutas", "nombre": "Yogur de coco, fresa, frutos del bosque y macedonia Danone sin gluten pack de 8 unidades de 120 g.", "imagen_src": "https://static.carrefour.es/hd_350x_/img_pim_food/058825_00_1.jpg", "precio_peso": "2,34 \u20ac/kg", "precio": "2,25 \u20ac", "oferta": "", "supermercado": "Carrefour"},
],
[
{"query": "Queso Munster", "nombre": "", "imagen_src": "https://static.carrefour.es/hd_350x_/imagenes/products/80008/36720/204/8000836720204/imagenGrande1.jpg", "precio_peso": "", "precio": "16,08 \u20ac", "oferta": "", "supermercado": "Carrefour"},
{"query": "Queso Munster", "nombre": "Tijeras Para El Cabello Lighty Dikson Muster 6\"", "imagen_src": "https://static.carrefour.es/hd_350x_/imagenes/products/80008/36720/211/8000836720211/imagenGrande1.jpg", "precio_peso": "", "precio": "16,56 \u20ac", "oferta": "", "supermercado": "Carrefour"},
{"query": "Queso Munster", "nombre": "Tijeras Para El Cabello Dikson Muster 6\"", "imagen_src": "https://static.carrefour.es/hd_350x_/imagenes/products/80008/36720/228/8000836720228/imagenGrande1.jpg", "precio_peso": "", "precio": "17,62 \u20ac", "oferta": "", "supermercado": "Carrefour"},
{"query": "Queso Munster", "nombre": "Tijeras Para El Cabello Fairy Haircut Dikson Muster 6\"", "imagen_src": "https://static.carrefour.es/hd_350x_/imagenes/products/80008/36722/826/8000836722826/imagenGrande1.jpg", "precio_peso": "", "precio": "31,58 \u20ac", "oferta": "", "supermercado": "Carrefour"},
{"query": "Queso Munster", "nombre": "Tijeras Para El Cabello Dikson Muster 5,5\"", "imagen_src": "https://static.carrefour.es/hd_350x_/imagenes/products/80008/36722/864/8000836722864/imagenGrande1.jpg", "precio_peso": "", "precio": "32,18 \u20ac", "oferta": "", "supermercado": "Carrefour"},
{"query": "Queso Munster", "nombre": "Secador De Pelo Miny Dikson Muster Viaje 1200w", "imagen_src": "https://static.carrefour.es/hd_350x_/imagenes/products/80008/36723/779/8000836723779/imagenGrande1.jpg", "precio_peso": "", "precio": "26,18 \u20ac", "oferta": "", "supermercado": "Carrefour"},
],
[
{"query": "Queso para untar con finas hierbas", "nombre": "Queso de untar con finas hierbas Philadelphia 150 g.", "imagen_src": "https://static.carrefour.es/hd_350x_/img_pim_food/409379_00_1.jpg", "precio_peso": "14,33 \u20ac/kg", "precio": "2,15 \u20ac", "oferta": "", "supermercado": "Carrefour"},
],
[
{"query": "Melocot\u00f3n", "nombre": "Melocoton amarillo a granel 1 Kg aprox", "imagen_src": "https://static.carrefour.es/hd_350x_/img_pim_food/195993_00_1.jpg", "precio_peso": "2,69 \u20ac/kg", "precio": "2,69 \u20ac", "oferta": "", "supermercado": "Carrefour"},
{"query": "Melocot\u00f3n", "nombre": "Melocoton amarillo Carrefour tarrina 1 kg", "imagen_src": "https://static.carrefour.es/hd_350x_/img_pim_food/023558_00_1.jpg", "precio_peso": "2,39 \u20ac/kg", "precio": "2,39 \u20ac", "oferta": "", "supermercado": "Carrefour"},
{"query": "Melocot\u00f3n", "nombre": "Melocoton rojo Carrefour tarrina de 1 kg", "imagen_src": "https://static.carrefour.es/hd_350x_/img_pim_food/023519_00_1.jpg", "precio_peso": "2,39 \u20ac/kg", "precio": "2,39 \u20ac", "oferta": "", "supermercado": "Carrefour"},
{"query": "Melocot\u00f3n", "nombre": "Melocoton rojo Carrefour a granel 1 kg aprox", "imagen_src": "https://static.carrefour.es/hd_350x_/img_pim_food/551862_00_1.jpg", "precio_peso": "2,89 \u20ac/kg", "precio": "2,89 \u20ac", "oferta": "", "supermercado": "Carrefour"},
{"query": "Melocot\u00f3n", "nombre": "", "imagen_src": "https://static.carrefour.es/hd_350x_/img_pim_food/799730_00_1.jpg", "precio_peso": "", "precio": "", "oferta": "", "supermercado": "Carrefour"},
{"query": "Melocot\u00f3n", "nombre": "", "imagen_src": "https://static.carrefour.es/hd_350x_/img_pim_food/845008_00_1.jpg", "precio_peso": "", "precio": "", "oferta": "", "supermercado": "Carrefour"},
],
[
{"query": "Yogur griego", "nombre": "Yogur griego natural azucarado Carrefour Extra pack de 6 unidades de 125 g.", "imagen_src": "https://static.carrefour.es/hd_350x_/img_pim_food/621853_00_1.jpg", "precio_peso": "1,67 \u20ac/kg", "precio": "1,25 \u20ac", "oferta": "", "supermercado": "Carrefour"},
{"query": "Yogur griego", "nombre": "Yogur griego natural Carrefour 1 kg.", "imagen_src": "https://static.carrefour.es/hd_350x_/img_pim_food/985613_00_1.jpg", "precio_peso": "2,09 \u20ac/kg", "precio": "2,09 \u20ac", "oferta": "", "supermercado": "Carrefour"},
{"query": "Yogur griego", "nombre": "Yogur griego con stracciatella Carrefour Extra sin gluten pack de 6 unidades de 125 g.", "imagen_src": "https://static.carrefour.es/hd_350x_/img_pim_food/621836_00_1.jpg", "precio_peso": "2,12 \u20ac/kg", "precio": "1,59 \u20ac", "oferta": "", "supermercado": "Carrefour"},
{"query": "Yogur griego", "nombre": "Yogur griego natural light Carrefour Extra 1 kg.", "imagen_src": "https://static.carrefour.es/hd_350x_/img_pim_food/673393_00_1.jpg", "precio_peso": "2,09 \u20ac/kg", "precio": "2,09 \u20ac", "oferta": "", "supermercado": "Carrefour"},
{"query": "Yogur griego", "nombre": "", "imagen_src": "https://static.carrefour.es/hd_350x_/img_pim_food/439280_00_1.jpg", "precio_peso": "", "precio": "", "oferta": "", "supermercado": "Carrefour"},
{"query": "Yogur griego", "nombre": "", "imagen_src": "https://static.carrefour.es/hd_350x_/img_pim_food/592429_00_1.jpg", "precio_peso": "", "precio": "", "oferta": "", "supermercado": "Carrefour"},
],
[
{"query": "Yogur l\u00edquido", "nombre": "Yogur liquido de fresa-platano Carrefour Classic' sin gluten 1,5 l.", "imagen_src": "https://static.carrefour.es/hd_350x_/img_pim_food/741162_00_1.jpg", "precio_peso": "1,33 \u20ac/l", "precio": "1,99 \u20ac", "oferta": "", "supermercado": "Carrefour"},
{"query": "Yogur l\u00edquido", "nombre": "Yogur desnatado liquido de fresa sin azucar anadido con edulcorante Carrefour 1 kg.", "imagen_src": "https://static.carrefour.es/hd_350x_/img_pim_food/256986_00_1.jpg", "precio_peso": "1,30 \u20ac/kg", "precio": "1,30 \u20ac", "oferta": "", "supermercado": "Carrefour"},
{"query": "Yogur l\u00edquido", "nombre": "Yogur L.Casei liquido con fresa-platano y pina-coco Carrefour pack de 12 unidades de 100 g.", "imagen_src": "https://static.carrefour.es/hd_350x_/img_pim_food/909655_00_1.jpg", "precio_peso": "1,87 \u20ac/kg", "precio": "2,25 \u20ac", "oferta": "", "supermercado": "Carrefour"},
{"query": "Yogur l\u00edquido", "nombre": "Yogur liquido natural con azucar moreno de cana Carrefour 1 kg.", "imagen_src": "https://static.carrefour.es/hd_350x_/img_pim_food/256903_00_1.jpg", "precio_peso": "1,26 \u20ac/kg", "precio": "1,26 \u20ac", "oferta": "", "supermercado": "Carrefour"},
{"query": "Yogur l\u00edquido", "nombre": "", "imagen_src": "https://static.carrefour.es/hd_350x_/img_pim_food/904623_00_1.jpg", "precio_peso": "", "precio": "", "oferta": "", "supermercado": "Carrefour"},
{"query": "Yogur l\u00edquido", "nombre": "", "imagen_src": "https://static.carrefour.es/hd_350x_/img_pim_food/777445_00_1.jpg", "precio_peso": "", "precio": "", "oferta": "", "supermercado": "Carrefour"},
],
[
{"query": "Yogur l\u00edquido desnatado", "nombre": "Yogur liquido natural desnatado edulcorado sin azucar anadido Carrefour 1 kg.", "imagen_src": "https://static.carrefour.es/hd_350x_/img_pim_food/256892_00_1.jpg", "precio_peso": "1,30 \u20ac/kg", "precio": "1,30 \u20ac", "oferta": "", "supermercado": "Carrefour"},
{"query": "Yogur l\u00edquido desnatado", "nombre": "Yogur L.Casei liquido desnatado natural sin azucar anadido Danone - Actimel pack de 14 unidades de 100 g.", "imagen_src": "https://static.carrefour.es/hd_350x_/img_pim_food/007472_00_1.jpg", "precio_peso": "4,49 \u20ac/kg", "precio": "6,29 \u20ac", "oferta": "", "supermercado": "Carrefour"},
{"query": "Yogur l\u00edquido desnatado", "nombre": "Yogur de proteinas liquido desnatado sabor stracciatella sin azucar anadido Danone Yopro sin gluten sin lactosa 300 g.", "imagen_src": "https://static.carrefour.es/hd_350x_/img_pim_food/016055_00_1.jpg", "precio_peso": "7,63 \u20ac/kg", "precio": "2,29 \u20ac", "oferta": "", "supermercado": "Carrefour"},
{"query": "Yogur l\u00edquido desnatado", "nombre": "Yogur L.Casei liquido desnatado natural sin azucar anadido Danone - Actimel pack de 6 unidades de 100 g.", "imagen_src": "https://static.carrefour.es/hd_350x_/img_pim_food/354442_00_1.jpg", "precio_peso": "5,42 \u20ac/kg", "precio": "3,25 \u20ac", "oferta": "", "supermercado": "Carrefour"},
{"query": "Yogur l\u00edquido desnatado", "nombre": "", "imagen_src": "https://static.carrefour.es/hd_350x_/img_pim_food/904719_00_1.jpg", "precio_peso": "", "precio": "", "oferta": "", "supermercado": "Carrefour"},
{"query": "Yogur l\u00edquido desnatado", "nombre": "", "imagen_src": "https://static.carrefour.es/hd_350x_/img_pim_food/689183_00_1.jpg", "precio_peso": "", "precio": "", "oferta": "", "supermercado": "Carrefour"},
],
[
{"query": "Yogur l\u00edquido con cereales", "nombre": "Yogur liquido con cereales Carrefour Classic' 1 kg.", "imagen_src": "https://static.carrefour.es/hd_350x_/img_pim_food/256884_00_1.jpg", "precio_peso": "1,26 \u20ac/kg", "precio": "1,26 \u20ac", "oferta": "", "supermercado": "Carrefour"},
],
[
],
[
],
[
{"query": "N\u00edspero,", "nombre": "", "imagen_src": "https://static.carrefour.es/hd_350x_/imagenes/products/80571/58785/831/8057158785831/imagenGrande1.jpg", "precio_peso": "", "precio": "59,50 \u20ac", "oferta": "", "supermercado": "Carrefour"},
{"query": "N\u00edspero,", "nombre": "Pest-stop Blister De 2 Trampas De Raton Little Nipper(r)", "imagen_src": "https://static.carrefour.es/hd_350x_/imagenes/products/50140/55000/149/5014055000149/imagenGrande1.jpg", "precio_peso": "", "precio": "3,30 \u20ac", "oferta": "", "supermercado": "Carrefour"},
{"query": "N\u00edspero,", "nombre": "Pest-stop Trampa De Rata Little Nipper(r)", "imagen_src": "https://static.carrefour.es/hd_350x_/imagenes/products/50140/55000/156/5014055000156/imagenGrande1.jpg", "precio_peso": "", "precio": "3,30 \u20ac", "oferta": "", "supermercado": "Carrefour"},
{"query": "N\u00edspero,", "nombre": "Pest-stop Trampa De Raton Little Nipper(r)", "imagen_src": "https://static.carrefour.es/hd_350x_/imagenes/products/50140/55000/279/5014055000279/imagenGrande1.jpg", "precio_peso": "", "precio": "1,90 \u20ac", "oferta": "", "supermercado": "Carrefour"},
{"query": "N\u00edspero,", "nombre": "Pest-stop Blister De 1 Trampa De Rata Little Nipper(r)", "imagen_src": "https://static.carrefour.es/hd_350x_/imagenes/products/50140/55000/835/5014055000835/imagenGrande1.jpg", "precio_peso": "", "precio": "3,65 \u20ac", "oferta": "", "supermercado": "Carrefour"},
],
[
{"query": "Cerdo solomillo", "nombre": "Solomillo de cerdo Carrefour 1,2 kg aprox", "imagen_src": "https://static.carrefour.es/hd_350x_/img_pim_food/518437_00_1.jpg", "precio_peso": "5,89 \u20ac/kg", "precio": "7,07 \u20ac", "oferta": "", "supermercado": "Carrefour"},
{"query": "Cerdo solomillo", "nombre": "Solomillo de cerdo Extratiernos ElPozo 750 g aprox", "imagen_src": "https://static.carrefour.es/hd_350x_/img_pim_food/952417_00_1.jpg", "precio_peso": "9,99 \u20ac/kg", "precio": "7,49 \u20ac", "oferta": "", "supermercado": "Carrefour"},
{"query": "Cerdo solomillo", "nombre": "Solomillo de cerdo al romero Extratiernos El Pozo 750 g aprox", "imagen_src": "https://static.carrefour.es/hd_350x_/img_pim_food/980807_00_1.jpg", "precio_peso": "9,70 \u20ac/kg", "precio": "7,28 \u20ac", "oferta": "", "supermercado": "Carrefour"},
{"query": "Cerdo solomillo", "nombre": "Solomillo de Cerdo Iberico Carrefour 500 g aprox", "imagen_src": "https://static.carrefour.es/hd_350x_/img_pim_food/517464_00_1.jpg", "precio_peso": "17,90 \u20ac/kg", "precio": "8,95 \u20ac", "oferta": "", "supermercado": "Carrefour"},
{"query": "Cerdo solomillo", "nombre": "", "imagen_src": "https://static.carrefour.es/hd_350x_/img_pim_food/980753_00_1.jpg", "precio_peso": "", "precio": "", "oferta": "", "supermercado": "Carrefour"},
{"query": "Cerdo solomillo", "nombre": "", "imagen_src": "https://static.carrefour.es/hd_350x_/img_pim_food/465449_00_1.jpg", "precio_peso": "", "precio": "", "oferta": "", "supermercado": "Carrefour"},
],
[
{"query": "Ciervo", "nombre": "Ciervo De Robson", "imagen_src": "https://static.carrefour.es/hd_350x_/imagenes/products/97884/17104/665/9788417104665/imagenGrande1.jpg", "precio_peso": "", "precio": "17,39 \u20ac", "oferta": "", "supermercado": "Carrefour"},
{"query": "Ciervo", "nombre": "Ciervo Perseguido Vida Y Obra De Roque Dalton", "imagen_src": "https://static.carrefour.es/hd_350x_/imagenes/products/97884/17263/706/9788417263706/imagenGrande1.jpg", "precio_peso": "", "precio": "14,82 \u20ac", "oferta": "", "supermercado": "Carrefour"},
{"query": "Ciervo", "nombre": "Cierva Acosada", "imagen_src": "https://static.carrefour.es/hd_350x_/imagenes/products/97884/78398/041/9788478398041/imagenGrande1.jpg", "precio_peso": "", "precio": "14,25 \u20ac", "oferta": "", "supermercado": "Carrefour"},
{"query": "Ciervo", "nombre": "Salchichon De Ciervo, Pieza 220-280 Grs Sabores Sierra De Madrid", "imagen_src": "https://static.carrefour.es/hd_350x_/imagenes/products/84370/18898/145/8437018898145/imagenGrande1.jpg", "precio_peso": "", "precio": "10,90 \u20ac", "oferta": "", "supermercado": "Carrefour"},
{"query": "Ciervo", "nombre": "", "imagen_src": "https://static.carrefour.es/hd_350x_/imagenes/products/84370/18898/046/8437018898046/imagenGrande1.jpg", "precio_peso": "", "precio": "", "oferta": "", "supermercado": "Carrefour"},
{"query": "Ciervo", "nombre": "", "imagen_src": "https://static.carrefour.es/hd_350x_/imagenes/products/84370/18898/053/8437018898053/imagenGrande1.jpg", "precio_peso": "", "precio": "", "oferta": "", "supermercado": "Carrefour"},
],
[
{"query": "Conejo", "nombre": "Medio conejo troceado Calidad y Origen Carrefour 650 g aprox", "imagen_src": "https://static.carrefour.es/hd_350x_/img_pim_food/793575_00_1.jpg", "precio_peso": "6,69 \u20ac/kg", "precio": "4,35 \u20ac", "oferta": "", "supermercado": "Carrefour"},
{"query": "Conejo", "nombre": "Conejo entero Calidad y Origen Carrefour 1,5 kg aprox", "imagen_src": "https://static.carrefour.es/hd_350x_/img_pim_food/792739_00_1.jpg", "precio_peso": "6,69 \u20ac/kg", "precio": "10,03 \u20ac", "oferta": "", "supermercado": "Carrefour"},
{"query": "Conejo", "nombre": "Paletilla de conejo Calidad y Origen Carrefour 500 g aprox", "imagen_src": "https://static.carrefour.es/hd_350x_/img_pim_food/793576_00_1.jpg", "precio_peso": "14,95 \u20ac/kg", "precio": "7,47 \u20ac", "oferta": "", "supermercado": "Carrefour"},
{"query": "Conejo", "nombre": "Medio conejo a cuartos Calidad y Origen Carrefour 550 g aprox", "imagen_src": "https://static.carrefour.es/hd_350x_/img_pim_food/545777_00_1.jpg", "precio_peso": "6,89 \u20ac/kg", "precio": "3,79 \u20ac", "oferta": "", "supermercado": "Carrefour"},
{"query": "Conejo", "nombre": "", "imagen_src": "https://static.carrefour.es/hd_350x_/imagenes/products/97884/08185/444/9788408185444/imagenGrande1.jpg", "precio_peso": "", "precio": "5,65 \u20ac", "oferta": "", "supermercado": "Carrefour"},
{"query": "Conejo", "nombre": "", "imagen_src": "https://static.carrefour.es/hd_350x_/crs/cdn_static/catalog/hd/904605_00_1.jpg", "precio_peso": "", "precio": "3,39 \u20ac", "oferta": "", "supermercado": "Carrefour"},
],
[
{"query": "Jam\u00f3n cocido", "nombre": "Jamon cocido extra lonchas finas Carrefour pack de 2 unidades de 200 g.", "imagen_src": "https://static.carrefour.es/hd_350x_/img_pim_food/710696_00_1.jpg", "precio_peso": "8,17 \u20ac/kg", "precio": "3,27 \u20ac", "oferta": "", "supermercado": "Carrefour"},
{"query": "Jam\u00f3n cocido", "nombre": "Jamon cocido extra sin fosfatos anadidos Carrefour 250 g.", "imagen_src": "https://static.carrefour.es/hd_350x_/img_pim_food/710671_00_1.jpg", "precio_peso": "8,60 \u20ac/kg", "precio": "2,15 \u20ac", "oferta": "", "supermercado": "Carrefour"},
{"query": "Jam\u00f3n cocido", "nombre": "Jamon cocido extra loncheado Ricura El Pozo sin gluten 300 g", "imagen_src": "https://static.carrefour.es/hd_350x_/img_pim_food/987301_00_1.jpg", "precio_peso": "6,33 \u20ac/kg", "precio": "1,90 \u20ac", "oferta": "", "supermercado": "Carrefour"},
{"query": "Jam\u00f3n cocido", "nombre": "Jamon cocido extra lonchas Embutidos Noel Gran Bouquet sin gluten y sin lactosa 180 g", "imagen_src": "https://static.carrefour.es/hd_350x_/img_pim_food/794887_00_1.jpg", "precio_peso": "11,67 \u20ac/kg", "precio": "2,10 \u20ac", "oferta": "", "supermercado": "Carrefour"},
{"query": "Jam\u00f3n cocido", "nombre": "", "imagen_src": "https://static.carrefour.es/hd_350x_/img_pim_food/710679_00_1.jpg", "precio_peso": "", "precio": "", "oferta": "", "supermercado": "Carrefour"},
{"query": "Jam\u00f3n cocido", "nombre": "", "imagen_src": "https://static.carrefour.es/hd_350x_/img_pim_food/710118_00_1.jpg", "precio_peso": "", "precio": "", "oferta": "", "supermercado": "Carrefour"},
],
[
{"query": "Coraz\u00f3n de cordero", "nombre": "Flamingo Chew 'n Snack Mix Corazoncitos, Pollo, Ternera Y Cordero - 500 Gr", "imagen_src": "https://static.carrefour.es/hd_350x_/imagenes/products/21000/00233/005/2100000233005/imagenGrande1.jpg", "precio_peso": "", "precio": "7,40 \u20ac", "oferta": "", "supermercado": "Carrefour"},
],
[
{"query": "H\u00edgado, de cerdo", "nombre": "Pate de higado de cerdo Classic Carrefour pack de 4 unidades de 78 g.", "imagen_src": "https://static.carrefour.es/hd_350x_/img_pim_food/695605_00_1.jpg", "precio_peso": "8,93 \u20ac/kg", "precio": "2,09 \u20ac", "oferta": "", "supermercado": "Carrefour"},
{"query": "H\u00edgado, de cerdo", "nombre": "Pate de higado de cerdo Tapa Negra La Piara pack de 3 unidades de 75 g.", "imagen_src": "https://static.carrefour.es/hd_350x_/img_pim_food/558110_00_1.jpg", "precio_peso": "15,96 \u20ac/kg", "precio": "3,59 \u20ac", "oferta": "", "supermercado": "Carrefour"},
{"query": "H\u00edgado, de cerdo", "nombre": "Pate de higado de cerdo Tapa Negra La Piara pack de 6 unidades de 75 g.", "imagen_src": "https://static.carrefour.es/hd_350x_/img_pim_food/241681_00_1.jpg", "precio_peso": "14,20 \u20ac/kg", "precio": "6,39 \u20ac", "oferta": "", "supermercado": "Carrefour"},
{"query": "H\u00edgado, de cerdo", "nombre": "Pate de higado de cerdo Classic Carrefour 200 g.", "imagen_src": "https://static.carrefour.es/hd_350x_/img_pim_food/799271_00_1.jpg", "precio_peso": "5,30 \u20ac/kg", "precio": "1,06 \u20ac", "oferta": "", "supermercado": "Carrefour"},
{"query": "H\u00edgado, de cerdo", "nombre": "", "imagen_src": "https://static.carrefour.es/hd_350x_/img_pim_food/002665_00_1.jpg", "precio_peso": "", "precio": "2,09 \u20ac", "oferta": "", "supermercado": "Carrefour"},
{"query": "H\u00edgado, de cerdo", "nombre": "", "imagen_src": "https://static.carrefour.es/hd_350x_/img_pim_food/170804_00_1.jpg", "precio_peso": "", "precio": "3,05 \u20ac", "oferta": "", "supermercado": "Carrefour"},
],
[
{"query": "Pat\u00e9 de pimienta", "nombre": "Pate de pimiento del piquillo Carrefour sin gluten y sin lactosa 120 g.", "imagen_src": "https://static.carrefour.es/hd_350x_/img_pim_food/477623_00_1.jpg", "precio_peso": "11,33 \u20ac/kg", "precio": "1,36 \u20ac", "oferta": "", "supermercado": "Carrefour"},
{"query": "Pat\u00e9 de pimienta", "nombre": "Pate a la pimienta Casa Tarradellas 125 g.", "imagen_src": "https://static.carrefour.es/hd_350x_/img_pim_food/002666_00_1.jpg", "precio_peso": "8,48 \u20ac/kg", "precio": "1,06 \u20ac", "oferta": "", "supermercado": "Carrefour"},
{"query": "Pat\u00e9 de pimienta", "nombre": "Naturgreen Pate Pimiento Y Olivas", "imagen_src": "https://static.carrefour.es/hd_350x_/imagenes/products/84370/07759/228/8437007759228/imagenGrande1.jpg", "precio_peso": "", "precio": "2,59 \u20ac", "oferta": "", "supermercado": "Carrefour"},
],
[
{"query": "Pato", "nombre": "Limpiador de wc limpieza total frescor Pato 750 ml.", "imagen_src": "https://static.carrefour.es/hd_350x_/img_pim_food/000503_00_1.jpg", "precio_peso": "3,13 \u20ac/l", "precio": "2,35 \u20ac", "oferta": "", "supermercado": "Carrefour"},
{"query": "Pato", "nombre": "Gel con lejia y espuma limpiadora extra power marine Pato 750 ml.", "imagen_src": "https://static.carrefour.es/hd_350x_/img_pim_food/165388_00_1.jpg", "precio_peso": "0,35 \u20ac/100ml", "precio": "2,65 \u20ac", "oferta": "", "supermercado": "Carrefour"},
{"query": "Pato", "nombre": "Limpiador de bano 5 en 1 en gel Pato pack de 2 unidades de 750 ml.", "imagen_src": "https://static.carrefour.es/hd_350x_/img_pim_food/190335_00_1.jpg", "precio_peso": "2,69 \u20ac/l", "precio": "4,04 \u20ac", "oferta": "", "supermercado": "Carrefour"},
{"query": "Pato", "nombre": "Discos wc activos inodoros aroma lima recambio Pato 2 ud.", "imagen_src": "https://static.carrefour.es/hd_350x_/img_pim_food/300392_00_1.jpg", "precio_peso": "2,35 \u20ac/ud", "precio": "4,70 \u20ac", "oferta": "", "supermercado": "Carrefour"},
{"query": "Pato", "nombre": "", "imagen_src": "https://static.carrefour.es/hd_350x_/img_pim_food/414640_00_1.jpg", "precio_peso": "", "precio": "", "oferta": "", "supermercado": "Carrefour"},
{"query": "Pato", "nombre": "", "imagen_src": "https://static.carrefour.es/hd_350x_/img_pim_food/990042_00_1.jpg", "precio_peso": "", "precio": "", "oferta": "", "supermercado": "Carrefour"},
],
[
{"query": "Coraz\u00f3n de pollo", "nombre": "Trixie Premio Freeze Dried Corazones De Pollo, 25 G", "imagen_src": "https://static.carrefour.es/hd_350x_/imagenes/products/40119/05427/560/4011905427560/imagenGrande1.jpg", "precio_peso": "", "precio": "1,75 \u20ac", "oferta": "", "supermercado": "Carrefour"},
{"query": "Coraz\u00f3n de pollo", "nombre": "Flamingo Chew 'n Snack Mix Corazoncitos, Pollo, Ternera Y Cordero - 500 Gr", "imagen_src": "https://static.carrefour.es/hd_350x_/imagenes/products/21000/00233/005/2100000233005/imagenGrande1.jpg", "precio_peso": "", "precio": "7,40 \u20ac", "oferta": "", "supermercado": "Carrefour"},
{"query": "Coraz\u00f3n de pollo", "nombre": "Flamingo Chew 'n Snack Mix Corazoncitos + Huesitos, Pollo, Ternera Y Pescado - 500 Gr", "imagen_src": "https://static.carrefour.es/hd_350x_/imagenes/products/54152/45082/509/5415245082509/imagenGrande1.jpg", "precio_peso": "", "precio": "7,35 \u20ac", "oferta": "", "supermercado": "Carrefour"},
],
[
{"query": "Chufa", "nombre": "Naturgreen Chufa Repelada Bio 200 G", "imagen_src": "https://static.carrefour.es/hd_350x_/imagenes/products/84365/42196/710/8436542196710/imagenGrande1.jpg", "precio_peso": "", "precio": "3,59 \u20ac", "oferta": "", "supermercado": "Carrefour"},
{"query": "Chufa", "nombre": "Horchata de chufa Original Chufi sin gluten sin lactosa botella 1 l.", "imagen_src": "https://static.carrefour.es/hd_350x_/img_pim_food/044607_00_1.jpg", "precio_peso": "1,53 \u20ac/l", "precio": "1,53 \u20ac", "oferta": "", "supermercado": "Carrefour"},
{"query": "Chufa", "nombre": "Horchata de chufa Carrefour brik 1 l.", "imagen_src": "https://static.carrefour.es/hd_350x_/img_pim_food/232879_00_1.jpg", "precio_peso": "0,99 \u20ac/l", "precio": "0,99 \u20ac", "oferta": "", "supermercado": "Carrefour"},
{"query": "Chufa", "nombre": "Horchata de chufa Maestro Horchatero Chufi sin gluten sin lactosa botella 1 l.", "imagen_src": "https://static.carrefour.es/hd_350x_/img_pim_food/428450_00_1.jpg", "precio_peso": "1,99 \u20ac/l", "precio": "1,99 \u20ac", "oferta": "", "supermercado": "Carrefour"},
{"query": "Chufa", "nombre": "", "imagen_src": "https://static.carrefour.es/hd_350x_/img_pim_food/928972_00_1.jpg", "precio_peso": "", "precio": "", "oferta": "", "supermercado": "Carrefour"},
{"query": "Chufa", "nombre": "", "imagen_src": "https://static.carrefour.es/hd_350x_/img_pim_food/496495_00_1.jpg", "precio_peso": "", "precio": "", "oferta": "", "supermercado": "Carrefour"},
],
[
{"query": "Coraz\u00f3n de cerdo", "nombre": "Artesanias Cerda- Juguetes, Peluches Oso Colores Corazon", "imagen_src": "https://static.carrefour.es/hd_350x_/imagenes/products/84231/43109/454/8423143109454/imagenGrande1.jpg", "precio_peso": "", "precio": "14,75 \u20ac", "oferta": "", "supermercado": "Carrefour"},
],
[
],
[
{"query": "Cordero pierna", "nombre": "Chuletas de cordero lechal de pierna y paletilla Mama Cordero 500 g aprox", "imagen_src": "https://static.carrefour.es/hd_350x_/img_pim_food/050343_00_1.jpg", "precio_peso": "32,90 \u20ac/kg", "precio": "16,45 \u20ac", "oferta": "", "supermercado": "Carrefour"},
],
[
{"query": "Galllina", "nombre": "Gallinas & Focas Tinto 2018", "imagen_src": "https://static.carrefour.es/hd_350x_/img_pim_food/123713_00_2_Bodega.jpg", "precio_peso": "21,90 \u20ac/ud", "precio": "21,90 \u20ac", "oferta": "", "supermercado": "Carrefour"},
{"query": "Galllina", "nombre": "Huevos L de gallina de suelo Dagu 12 ud.", "imagen_src": "https://static.carrefour.es/hd_350x_/img_pim_food/331214_00_1.jpg", "precio_peso": "2,52 \u20ac/docena", "precio": "2,52 \u20ac", "oferta": "", "supermercado": "Carrefour"},
{"query": "Galllina", "nombre": "Caldo casero de pollo Gallina Blanca sin gluten pack de 2 briks de 1 l.", "imagen_src": "https://static.carrefour.es/hd_350x_/img_pim_food/065288_00_1.jpg", "precio_peso": "1,89 \u20ac/l", "precio": "3,78 \u20ac", "oferta": "", "supermercado": "Carrefour"},
{"query": "Galllina", "nombre": "Caldo casero de cocido Gallina Blanca sin gluten pack de 2 briks de 1 l.", "imagen_src": "https://static.carrefour.es/hd_350x_/img_pim_food/960340_00_1.jpg", "precio_peso": "1,89 \u20ac/l", "precio": "3,78 \u20ac", "oferta": "", "supermercado": "Carrefour"},
{"query": "Galllina", "nombre": "Caldo casero de verduras Gallina Blanca pack de 2 briks de 1 l.", "imagen_src": "https://static.carrefour.es/hd_350x_/img_pim_food/361285_00_1.jpg", "precio_peso": "1,89 \u20ac/l", "precio": "3,78 \u20ac", "oferta": "", "supermercado": "Carrefour"},
{"query": "Galllina", "nombre": "Caldo casero de pescado Gallina Blanca sin gluten pack de 2 briks de 1 l.", "imagen_src": "https://static.carrefour.es/hd_350x_/img_pim_food/776822_00_1.jpg", "precio_peso": "1,89 \u20ac/l", "precio": "3,78 \u20ac", "oferta": "", "supermercado": "Carrefour"},
],
[
{"query": "Pich\u00f3n", "nombre": "Pichin Pichon Caballero Y Dragon", "imagen_src": "https://static.carrefour.es/hd_350x_/imagenes/products/97884/12322/606/9788412322606/imagenGrande1.jpg", "precio_peso": "", "precio": "13,59 \u20ac", "oferta": "", "supermercado": "Carrefour"},
{"query": "Pich\u00f3n", "nombre": "Tiro Al Pichon", "imagen_src": "https://static.carrefour.es/hd_350x_/imagenes/products/97884/33828/811/9788433828811/imagenGrande1.jpg", "precio_peso": "", "precio": "11,40 \u20ac", "oferta": "", "supermercado": "Carrefour"},
],
[
{"query": "Oca", "nombre": "Pate de oca superior Martiko sin gluten pack de 2 unidades de 75 g.", "imagen_src": "https://static.carrefour.es/hd_350x_/img_pim_food/710423_00_1.jpg", "precio_peso": "20,60 \u20ac/kg", "precio": "3,09 \u20ac", "oferta": "", "supermercado": "Carrefour"},
{"query": "Oca", "nombre": "Oca Java Se 7 Programmer I Certification Guide: Prepare For The Izo-803", "imagen_src": "https://static.carrefour.es/hd_350x_/imagenes/products/97816/17291/043/9781617291043/imagenGrande1.jpg", "precio_peso": "", "precio": "44,45 \u20ac", "oferta": "", "supermercado": "Carrefour"},
{"query": "Oca", "nombre": "Tabla surtido de pate superior: pato, oca, pato con cebolla caramelizada y pato confitado Martiko sin gluten pack de 4 unidades de 75 g.", "imagen_src": "https://static.carrefour.es/hd_350x_/img_pim_food/710425_00_1.jpg", "precio_peso": "6,19 \u20ac/ud", "precio": "6,19 \u20ac", "oferta": "", "supermercado": "Carrefour"},
{"query": "Oca", "nombre": "Tabla surtido de foie gras: pato, oca, pato con trufa y pato con boletus Martiko sin gluten pack de 4 unidades de 20 g.", "imagen_src": "https://static.carrefour.es/hd_350x_/img_pim_food/710422_00_1.jpg", "precio_peso": "84,87 \u20ac/kg", "precio": "6,79 \u20ac", "oferta": "", "supermercado": "Carrefour"},
{"query": "Oca", "nombre": "", "imagen_src": "https://static.carrefour.es/hd_350x_/imagenes/products/84354/06808/356/8435406808356/imagenGrande1.jpg", "precio_peso": "", "precio": "", "oferta": "", "supermercado": "Carrefour"},
{"query": "Oca", "nombre": "", "imagen_src": "https://static.carrefour.es/hd_350x_/imagenes/products/97884/15674/207/9788415674207/imagenGrande1.jpg", "precio_peso": "", "precio": "", "oferta": "", "supermercado": "Carrefour"},
],
[
{"query": "Crema de cacahuete", "nombre": "", "imagen_src": "https://static.carrefour.es/hd_350x_/img_pim_food/489756_00_1.jpg", "precio_peso": "6,20 \u20ac/kg", "precio": "3,10 \u20ac", "oferta": "", "supermercado": "Carrefour"},
{"query": "Crema de cacahuete", "nombre": "Crema de cacahuete suave Capitan Mani sin gluten y sin lactosa 510 g.", "imagen_src": "https://static.carrefour.es/hd_350x_/img_pim_food/030862_00_1.jpg", "precio_peso": "8,73 \u20ac/kg", "precio": "4,45 \u20ac", "oferta": "", "supermercado": "Carrefour"},
{"query": "Crema de cacahuete", "nombre": "Crema de cacahuete Whole Earth 227 g.", "imagen_src": "https://static.carrefour.es/hd_350x_/img_pim_food/195519_00_1.jpg", "precio_peso": "18,72 \u20ac/kg", "precio": "4,25 \u20ac", "oferta": "", "supermercado": "Carrefour"},
{"query": "Crema de cacahuete", "nombre": "Crema de cacahuete suave alta en fibra y proteina Prozis 500 g.", "imagen_src": "https://static.carrefour.es/hd_350x_/img_pim_food/845843_00_1.jpg", "precio_peso": "8,90 \u20ac/kg", "precio": "4,45 \u20ac", "oferta": "", "supermercado": "Carrefour"},
{"query": "Crema de cacahuete", "nombre": "", "imagen_src": "https://static.carrefour.es/hd_350x_/img_pim_food/522138_00_1.jpg", "precio_peso": "", "precio": "", "oferta": "", "supermercado": "Carrefour"},
{"query": "Crema de cacahuete", "nombre": "", "imagen_src": "https://static.carrefour.es/hd_350x_/img_pim_food/327881_00_1.jpg", "precio_peso": "", "precio": "", "oferta": "", "supermercado": "Carrefour"},
],
[
{"query": "Pollo entero", "nombre": "Pechuga de pollo campero entero Calidad y Origen Carrefour 450 g aprox", "imagen_src": "https://static.carrefour.es/hd_350x_/img_pim_food/826992_00_1.jpg", "precio_peso": "13,30 \u20ac/kg", "precio": "5,98 \u20ac", "oferta": "", "supermercado": "Carrefour"},
{"query": "Pollo entero", "nombre": "Pechuga de pollo certificado entera Carrefour 400 g aprox", "imagen_src": "https://static.carrefour.es/hd_350x_/img_pim_food/094679_00_1.jpg", "precio_peso": "8,85 \u20ac/kg", "precio": "3,54 \u20ac", "oferta": "", "supermercado": "Carrefour"},
{"query": "Pollo entero", "nombre": "Pechuga de pavo Carrefour sin gluten pieza de 400 g.", "imagen_src": "https://static.carrefour.es/hd_350x_/img_pim_food/710370_00_1.jpg", "precio_peso": "5,75 \u20ac/kg", "precio": "2,30 \u20ac", "oferta": "", "supermercado": "Carrefour"},
{"query": "Pollo entero", "nombre": "Jamon de pavo pieza Simply sin gluten sin lactosa 400 g.", "imagen_src": "https://static.carrefour.es/hd_350x_/img_pim_food/709251_00_1.jpg", "precio_peso": "3,87 \u20ac/kg", "precio": "1,55 \u20ac", "oferta": "", "supermercado": "Carrefour"},
{"query": "Pollo entero", "nombre": "", "imagen_src": "https://static.carrefour.es/hd_350x_/img_pim_food/709244_00_1.jpg", "precio_peso": "", "precio": "1,50 \u20ac", "oferta": "", "supermercado": "Carrefour"},
{"query": "Pollo entero", "nombre": "", "imagen_src": "https://static.carrefour.es/hd_350x_/img_pim_food/710652_00_1.jpg", "precio_peso": "", "precio": "2 \u20ac", "oferta": "", "supermercado": "Carrefour"},
],
[
],
[
{"query": "Salchicha viena", "nombre": "Salchichas cocidas y ahumadas estilo Viena Carrefour 200 g.", "imagen_src": "https://static.carrefour.es/hd_350x_/img_pim_food/232365_00_1.jpg", "precio_peso": "2,85 \u20ac/kg", "precio": "0,57 \u20ac", "oferta": "", "supermercado": "Carrefour"},
{"query": "Salchicha viena", "nombre": "Salchichas cocidas estilo Viena Wieners con queso Oscar Mayer sin gluten 200 g.", "imagen_src": "https://static.carrefour.es/hd_350x_/img_pim_food/003297_00_1.jpg", "precio_peso": "6,45 \u20ac/kg", "precio": "1,29 \u20ac", "oferta": "", "supermercado": "Carrefour"},
],
[
{"query": "Lengua de buey", "nombre": "Lengua 1. Con buen ritmo.", "imagen_src": "https://static.carrefour.es/hd_350x_/crs/cdn_static/catalog/hd/785349_00_1.jpg", "precio_peso": "", "precio": "33,20 \u20ac", "oferta": "", "supermercado": "Carrefour"},
{"query": "Lengua de buey", "nombre": "LENGUA 1. CON BUEN RITMO. CUADRICULA. (INCLUYE PUNTO DE LECTURA 1.) ANAYA", "imagen_src": "https://static.carrefour.es/hd_350x_/crs/cdn_static/catalog/hd/041015_00_1.jpg", "precio_peso": "", "precio": "32,80 \u20ac", "oferta": "", "supermercado": "Carrefour"},
{"query": "Lengua de buey", "nombre": "LENGUA 1. CON BUEN RITMO. (INCLUYE PUNTO DE LECTURA 1.) ANAYA", "imagen_src": "https://static.carrefour.es/hd_350x_/crs/cdn_static/catalog/hd/041018_00_1.jpg", "precio_peso": "", "precio": "32,80 \u20ac", "oferta": "", "supermercado": "Carrefour"},
{"query": "Lengua de buey", "nombre": "LENGUA 1. CUADERNO 1. CON BUEN", "imagen_src": "https://static.carrefour.es/hd_350x_/crs/cdn_static/catalog/hd/220091_00_1.jpg", "precio_peso": "", "precio": "6,80 \u20ac", "oferta": "", "supermercado": "Carrefour"},
{"query": "Lengua de buey", "nombre": "LENGUA 1. CON BUEN RITMO. ANA", "imagen_src": "https://static.carrefour.es/hd_350x_/crs/cdn_static/catalog/hd/220411_00_1.jpg", "precio_peso": "", "precio": "33,20 \u20ac", "oferta": "", "supermercado": "Carrefour"},
{"query": "Lengua de buey", "nombre": "Lengua Y Cultura En La \"nueva Coronica Y Buen", "imagen_src": "https://static.carrefour.es/hd_350x_/imagenes/products/97884/37056/760/9788437056760/imagenGrande1.jpg", "precio_peso": "", "precio": "11,40 \u20ac", "oferta": "", "supermercado": "Carrefour"},
],
[
{"query": "Ternera solomillo", "nombre": "Solomillo de vacuno 500 g aprox", "imagen_src": "https://static.carrefour.es/hd_350x_/img_pim_food/763475_00_1.jpg", "precio_peso": "32,40 \u20ac/kg", "precio": "16,20 \u20ac", "oferta": "", "supermercado": "Carrefour"},
{"query": "Ternera solomillo", "nombre": "Solomillo de anojo Calidad y Origen Carrefour 500 g aprox", "imagen_src": "https://static.carrefour.es/hd_350x_/img_pim_food/842676_00_1.jpg", "precio_peso": "34,90 \u20ac/kg", "precio": "17,45 \u20ac", "oferta": "", "supermercado": "Carrefour"},
{"query": "Ternera solomillo", "nombre": "Solomillo De Ternera", "imagen_src": "https://static.carrefour.es/hd_350x_/imagenes/products/21000/00143/429/2100000143429/imagenGrande1.jpg", "precio_peso": "", "precio": "34,99 \u20ac", "oferta": "", "supermercado": "Carrefour"},
{"query": "Ternera solomillo", "nombre": "Medallon de solomillo de vacuno 500 g aprox", "imagen_src": "https://static.carrefour.es/hd_350x_/img_pim_food/955734_00_1.jpg", "precio_peso": "32,40 \u20ac/kg", "precio": "16,20 \u20ac", "oferta": "", "supermercado": "Carrefour"},
{"query": "Ternera solomillo", "nombre": "", "imagen_src": "https://static.carrefour.es/hd_350x_/imagenes/products/21000/00143/446/2100000143446/imagenGrande1.jpg", "precio_peso": "", "precio": "", "oferta": "", "supermercado": "Carrefour"},
{"query": "Ternera solomillo", "nombre": "", "imagen_src": "https://static.carrefour.es/hd_350x_/img_pim_food/126449_00_1.jpg", "precio_peso": "", "precio": "", "oferta": "", "supermercado": "Carrefour"},
],
[
{"query": "Lengua de ternera", "nombre": "Planta De Interior - Lengua De Tigre En Olla De Terracota Como Un Conjunto - Altura: 50 Cm", "imagen_src": "https://static.carrefour.es/hd_350x_/imagenes/products/42517/21216/669/4251721216669/imagenGrande1.jpg", "precio_peso": "", "precio": "42,95 \u20ac", "oferta": "", "supermercado": "Carrefour"},
{"query": "Lengua de ternera", "nombre": "Plantas De Interior - 2 x Lengua De Tigre En Olla De Terracota Como Un Conjunto - Altura: 35 Cm", "imagen_src": "https://static.carrefour.es/hd_350x_/imagenes/products/42517/21247/786/4251721247786/imagenGrande1.jpg", "precio_peso": "", "precio": "52,95 \u20ac", "oferta": "", "supermercado": "Carrefour"},
{"query": "Lengua de ternera", "nombre": "Arbol - Lengua De Tigre En Maceta De Terracota Gris Como Un Conjunto - Altura: 30 Cm", "imagen_src": "https://static.carrefour.es/hd_350x_/imagenes/products/42517/21268/958/4251721268958/imagenGrande1.jpg", "precio_peso": "", "precio": "39,95 \u20ac", "oferta": "", "supermercado": "Carrefour"},
],
[
{"query": "Liebre entera", "nombre": "Citybag - Mochila Isotermica 35 X 49 X 25 Cm Negra Para Comidas Al Aire Libre Y Entrega De Pedidos De Comida En Moto O Bicicleta Cb02000", "imagen_src": "https://static.carrefour.es/hd_350x_/imagenes/products/84348/52027/854/8434852027854/imagenGrande1.jpg", "precio_peso": "", "precio": "62,80 \u20ac", "oferta": "", "supermercado": "Carrefour"},
{"query": "Liebre entera", "nombre": "Citybag - Mochila Isotermica 35 X 49 X 25 Cm Roja Para Comidas Al Aire Libre Y Entrega De Pedidos De Comida En Moto O Bicicleta Cb02100", "imagen_src": "https://static.carrefour.es/hd_350x_/imagenes/products/84348/52048/514/8434852048514/imagenGrande1.jpg", "precio_peso": "", "precio": "62,80 \u20ac", "oferta": "", "supermercado": "Carrefour"},
{"query": "Liebre entera", "nombre": "Citybag - Bolsa Isotermica 44 X 39 X 34 Cm Negra Para Comidas Al Aire Libre Y Entrega De Pedidos De Comida En Moto O Bicicleta Cb03000", "imagen_src": "https://static.carrefour.es/hd_350x_/imagenes/products/84348/52048/521/8434852048521/imagenGrande1.jpg", "precio_peso": "", "precio": "54,63 \u20ac", "oferta": "", "supermercado": "Carrefour"},
{"query": "Liebre entera", "nombre": "Citybag - Bolsa Isotermica 44 X 39 X 34 Cm Roja Para Comidas Al Aire Libre Y Entrega De Pedidos De Comida En Moto O Bici Cb03100", "imagen_src": "https://static.carrefour.es/hd_350x_/imagenes/products/84348/52048/538/8434852048538/imagenGrande1.jpg", "precio_peso": "", "precio": "52,70 \u20ac", "oferta": "", "supermercado": "Carrefour"},
{"query": "Liebre entera", "nombre": "Citybag - Bolsa Isotermica 50 X 39 X 39 Cm Negra Para Comidas Al Aire Libre Y Entrega De Pedidos De Comida En Moto O Bicicleta Cb03200", "imagen_src": "https://static.carrefour.es/hd_350x_/imagenes/products/84348/52048/545/8434852048545/imagenGrande1.jpg", "precio_peso": "", "precio": "85,13 \u20ac", "oferta": "", "supermercado": "Carrefour"},
{"query": "Liebre entera", "nombre": "Citybag - Bolsa Isotermica 50 X 39 X 39 Cm Roja Para Comidas Al Aire Libre Y Entrega De Pedidos De Comida En Moto O Bicicleta Cb03300", "imagen_src": "https://static.carrefour.es/hd_350x_/imagenes/products/84348/52048/552/8434852048552/imagenGrande1.jpg", "precio_peso": "", "precio": "60,88 \u20ac", "oferta": "", "supermercado": "Carrefour"},
],
[
{"query": "Salchicha fresca ", "nombre": "Salchichas de pollo ecologica Carrefour Bio 300 g", "imagen_src": "https://static.carrefour.es/hd_350x_/img_pim_food/333571_00_1.jpg", "precio_peso": "19 \u20ac/kg", "precio": "5,70 \u20ac", "oferta": "", "supermercado": "Carrefour"},
{"query": "Salchicha fresca ", "nombre": "Salchichas con queso fundido estilo frankfurt Carrefour pack de 4 sobres de 140 g.", "imagen_src": "https://static.carrefour.es/hd_350x_/img_pim_food/399377_00_1.jpg", "precio_peso": "2,48 \u20ac/kg", "precio": "1,39 \u20ac", "oferta": "", "supermercado": "Carrefour"},
{"query": "Salchicha fresca ", "nombre": "Salchichas cocidas Wieners bocadillo Oscar Mayer sin gluten sin lactosa 275 g.", "imagen_src": "https://static.carrefour.es/hd_350x_/img_pim_food/003295_00_1.jpg", "precio_peso": "5,78 \u20ac/kg", "precio": "1,59 \u20ac", "oferta": "", "supermercado": "Carrefour"},
{"query": "Salchicha fresca ", "nombre": "Salchichas Frankfurt Campofrio pack de 4 unidades de 140 g.", "imagen_src": "https://static.carrefour.es/hd_350x_/img_pim_food/177375_00_1.jpg", "precio_peso": "3,48 \u20ac/kg", "precio": "1,95 \u20ac", "oferta": "", "supermercado": "Carrefour"},
{"query": "Salchicha fresca ", "nombre": "", "imagen_src": "https://static.carrefour.es/hd_350x_/img_pim_food/399385_00_1.jpg", "precio_peso": "", "precio": "", "oferta": "", "supermercado": "Carrefour"},
{"query": "Salchicha fresca ", "nombre": "", "imagen_src": "https://static.carrefour.es/hd_350x_/img_pim_food/003294_00_1.jpg", "precio_peso": "", "precio": "", "oferta": "", "supermercado": "Carrefour"},
],
[
{"query": "Ternera", "nombre": "Preparado de carne picada de vacuno Carrefour 500 g", "imagen_src": "https://static.carrefour.es/hd_350x_/img_pim_food/050315_00_1.jpg", "precio_peso": "7,48 \u20ac/kg", "precio": "3,74 \u20ac", "oferta": "", "supermercado": "Carrefour"},
{"query": "Ternera", "nombre": "Carne de anojo troceada para guisar Circulo de Calidad 600 g aprox", "imagen_src": "https://static.carrefour.es/hd_350x_/img_pim_food/126585_00_1.jpg", "precio_peso": "12,95 \u20ac/kg", "precio": "7,77 \u20ac", "oferta": "", "supermercado": "Carrefour"},
{"query": "Ternera", "nombre": "Filete de cadera de babilla de anojo Calidad y Origen Carrefour 550 g aprox", "imagen_src": "https://static.carrefour.es/hd_350x_/img_pim_food/126608_00_1.jpg", "precio_peso": "14,99 \u20ac/kg", "precio": "8,24 \u20ac", "oferta": "", "supermercado": "Carrefour"},
{"query": "Ternera", "nombre": "Lomo de vacuno a la piedra El Encinar de Humienta 750 g", "imagen_src": "https://static.carrefour.es/hd_350x_/img_pim_food/850424_00_1.jpg", "precio_peso": "13,99 \u20ac/kg", "precio": "10,49 \u20ac", "oferta": "", "supermercado": "Carrefour"},
{"query": "Ternera", "nombre": "", "imagen_src": "https://static.carrefour.es/hd_350x_/img_pim_food/126666_00_1.jpg", "precio_peso": "", "precio": "", "oferta": "", "supermercado": "Carrefour"},
{"query": "Ternera", "nombre": "", "imagen_src": "https://static.carrefour.es/hd_350x_/img_pim_food/582340_00_1.jpg", "precio_peso": "", "precio": "", "oferta": "", "supermercado": "Carrefour"},
],
[
{"query": "Pavo pechuga", "nombre": "Pechuga de pavo en lonchas finas bajo contenido en grasas y reducido en sal Carefour sin gluten pack de 2 unidades de 200 g.", "imagen_src": "https://static.carrefour.es/hd_350x_/img_pim_food/710680_00_1.jpg", "precio_peso": "8,25 \u20ac/kg", "precio": "3,30 \u20ac", "oferta": "", "supermercado": "Carrefour"},
{"query": "Pavo pechuga", "nombre": "Pechuga de pavo en lonchas finas Campofrio - Finissimas sin gluten sin lactosa 115 g.", "imagen_src": "https://static.carrefour.es/hd_350x_/img_pim_food/699370_00_1.jpg", "precio_peso": "16,26 \u20ac/kg", "precio": "1,87 \u20ac", "oferta": "", "supermercado": "Carrefour"},
{"query": "Pavo pechuga", "nombre": "Pechuga de pavo fileteada Carrefour 600 g aprox", "imagen_src": "https://static.carrefour.es/hd_350x_/img_pim_food/039636_00_1.jpg", "precio_peso": "8,90 \u20ac/kg", "precio": "5,34 \u20ac", "oferta": "", "supermercado": "Carrefour"},
{"query": "Pavo pechuga", "nombre": "Pechuga de pavo en lonchas El Pozo sin gluten 200 g.", "imagen_src": "https://static.carrefour.es/hd_350x_/img_pim_food/710119_00_1.jpg", "precio_peso": "11,75 \u20ac/kg", "precio": "2,35 \u20ac", "oferta": "", "supermercado": "Carrefour"},
{"query": "Pavo pechuga", "nombre": "", "imagen_src": "https://static.carrefour.es/hd_350x_/img_pim_food/710877_00_1.jpg", "precio_peso": "", "precio": "", "oferta": "", "supermercado": "Carrefour"},
{"query": "Pavo pechuga", "nombre": "", "imagen_src": "https://static.carrefour.es/hd_350x_/img_pim_food/710370_00_1.jpg", "precio_peso": "", "precio": "", "oferta": "", "supermercado": "Carrefour"},
],
[
{"query": "Ternera lomo", "nombre": "Lomo de vacuno a la piedra El Encinar de Humienta 750 g", "imagen_src": "https://static.carrefour.es/hd_350x_/img_pim_food/850424_00_1.jpg", "precio_peso": "13,99 \u20ac/kg", "precio": "10,49 \u20ac", "oferta": "", "supermercado": "Carrefour"},
{"query": "Ternera lomo", "nombre": "Hamburguesa de vacuno Master de Lomo Extremadura El Encinar de la Humienta 2x180 g", "imagen_src": "https://static.carrefour.es/hd_350x_/img_pim_food/972424_00_1.jpg", "precio_peso": "10,53 \u20ac/kg", "precio": "3,79 \u20ac", "oferta": "", "supermercado": "Carrefour"},
{"query": "Ternera lomo", "nombre": "Entrecot/Lomo de anojo Calidad y Origen Carrefour 500 g aprox", "imagen_src": "https://static.carrefour.es/hd_350x_/img_pim_food/842661_00_1.jpg", "precio_peso": "15,89 \u20ac/kg", "precio": "7,94 \u20ac", "oferta": "", "supermercado": "Carrefour"},
{"query": "Ternera lomo", "nombre": "Lomo bajo porcionado de anojo Circulo de Calidad 500 g aprox", "imagen_src": "https://static.carrefour.es/hd_350x_/img_pim_food/390821_00_1.jpg", "precio_peso": "18,89 \u20ac/kg", "precio": "9,44 \u20ac", "oferta": "", "supermercado": "Carrefour"},
{"query": "Ternera lomo", "nombre": "", "imagen_src": "https://static.carrefour.es/hd_350x_/img_pim_food/318894_00_1.jpg", "precio_peso": "", "precio": "", "oferta": "", "supermercado": "Carrefour"},
{"query": "Ternera lomo", "nombre": "", "imagen_src": "https://static.carrefour.es/hd_350x_/img_pim_food/318905_00_1.jpg", "precio_peso": "", "precio": "", "oferta": "", "supermercado": "Carrefour"},
],
[
{"query": "Pollo muslo", "nombre": "Jamoncitos de pollo Carrefour 1,2 kg aprox", "imagen_src": "https://static.carrefour.es/hd_350x_/img_pim_food/962349_00_1.jpg", "precio_peso": "4,49 \u20ac/kg", "precio": "5,39 \u20ac", "oferta": "", "supermercado": "Carrefour"},
{"query": "Pollo muslo", "nombre": "Jamoncitos de pollo certificado Carrefour 600 g aprox", "imagen_src": "https://static.carrefour.es/hd_350x_/img_pim_food/094666_00_1.jpg", "precio_peso": "6,10 \u20ac/kg", "precio": "3,66 \u20ac", "oferta": "", "supermercado": "Carrefour"},
{"query": "Pollo muslo", "nombre": "Jamoncitos de Pollo Congelado 1 kg", "imagen_src": "https://static.carrefour.es/hd_350x_/img_pim_food/413333_00_1.jpg", "precio_peso": "3,15 \u20ac/kg", "precio": "3,15 \u20ac", "oferta": "", "supermercado": "Carrefour"},
{"query": "Pollo muslo", "nombre": "Jamoncitos de pollo campero Calidad y Origen Carrefour 650 g aprox", "imagen_src": "https://static.carrefour.es/hd_350x_/img_pim_food/826987_00_1.jpg", "precio_peso": "8,90 \u20ac/kg", "precio": "5,78 \u20ac", "oferta": "", "supermercado": "Carrefour"},
{"query": "Pollo muslo", "nombre": "", "imagen_src": "https://static.carrefour.es/hd_350x_/img_pim_food/333863_00_1.jpg", "precio_peso": "", "precio": "5,80 \u20ac", "oferta": "", "supermercado": "Carrefour"},
{"query": "Pollo muslo", "nombre": "", "imagen_src": "https://static.carrefour.es/hd_350x_/imagenes/products/00779/24010/835/0077924010835/imagenGrande1.jpg", "precio_peso": "", "precio": "35 \u20ac", "oferta": "", "supermercado": "Carrefour"},
],
[
{"query": "Pollo pechuga", "nombre": "", "imagen_src": "https://static.carrefour.es/hd_350x_/img_pim_food/961474_00_1.jpg", "precio_peso": "5,79 \u20ac/kg", "precio": "6,95 \u20ac", "oferta": "", "supermercado": "Carrefour"},
{"query": "Pollo pechuga", "nombre": "Pechuga de pollo fileteada 1,4 kg aprox", "imagen_src": "https://static.carrefour.es/hd_350x_/img_pim_food/961475_00_1.jpg", "precio_peso": "7,95 \u20ac/kg", "precio": "11,13 \u20ac", "oferta": "", "supermercado": "Carrefour"},
{"query": "Pollo pechuga", "nombre": "Pechuga de pollo corte extrafino Roler 320 g", "imagen_src": "https://static.carrefour.es/hd_350x_/img_pim_food/324133_00_1.jpg", "precio_peso": "4,50 \u20ac/ud", "precio": "4,50 \u20ac", "oferta": "", "supermercado": "Carrefour"},
{"query": "Pollo pechuga", "nombre": "Pechuga de pollo certificado en filetes Carrefour 500 g aprox", "imagen_src": "https://static.carrefour.es/hd_350x_/img_pim_food/887244_00_1.jpg", "precio_peso": "9,05 \u20ac/kg", "precio": "4,52 \u20ac", "oferta": "", "supermercado": "Carrefour"},
{"query": "Pollo pechuga", "nombre": "", "imagen_src": "https://static.carrefour.es/hd_350x_/img_pim_food/094679_00_1.jpg", "precio_peso": "", "precio": "", "oferta": "", "supermercado": "Carrefour"},
{"query": "Pollo pechuga", "nombre": "", "imagen_src": "https://static.carrefour.es/hd_350x_/img_pim_food/815011_00_1.jpg", "precio_peso": "", "precio": "", "oferta": "", "supermercado": "Carrefour"},
],
[
{"query": "Vaca/buey", "nombre": "Tarritos Buenas Noches con Pollo y Verduras Hero Baby 6x190 grs", "imagen_src": "https://static.carrefour.es/hd_350x_/img_pim_food/590524_00_1.jpg", "precio_peso": "5,79 \u20ac/kg", "precio": "6,95 \u20ac", "oferta": "", "supermercado": "Carrefour"},
{"query": "Vaca/buey", "nombre": "Tarritos Buenas Noches Verdura con Pescadilla a la Crema Hero Baby 6x190 grs", "imagen_src": "https://static.carrefour.es/hd_350x_/img_pim_food/590525_00_1.jpg", "precio_peso": "5,79 \u20ac/kg", "precio": "6,95 \u20ac", "oferta": "", "supermercado": "Carrefour"},
{"query": "Vaca/buey", "nombre": "Tarritos Buenas Noches Guisantes con Jamon Hero Baby 6x190 grs", "imagen_src": "https://static.carrefour.es/hd_350x_/img_pim_food/590544_00_1.jpg", "precio_peso": "5,79 \u20ac/kg", "precio": "6,95 \u20ac", "oferta": "", "supermercado": "Carrefour"},
{"query": "Vaca/buey", "nombre": "Lapices de colores BIC Color Up colores surtidos 24 uds", "imagen_src": "https://static.carrefour.es/hd_350x_/crs/cdn_static/catalog/hd/479261_00_1.jpg", "precio_peso": "", "precio": "4,99 \u20ac", "oferta": "", "supermercado": "Carrefour"},
{"query": "Vaca/buey", "nombre": "Lapices de colores BIC Kids Evolution Stripes colores surtidos 12 uds", "imagen_src": "https://static.carrefour.es/hd_350x_/crs/cdn_static/catalog/hd/179821_00_1.jpg", "precio_peso": "", "precio": "2,39 \u20ac", "oferta": "", "supermercado": "Carrefour"},
{"query": "Vaca/buey", "nombre": "Lapices de colores BIC Color Up colores surtidos 12 uds", "imagen_src": "https://static.carrefour.es/hd_350x_/crs/cdn_static/catalog/hd/479288_00_1.jpg", "precio_peso": "", "precio": "2,99 \u20ac", "oferta": "", "supermercado": "Carrefour"},
],
[
{"query": "Grosella", "nombre": "Mermelada grosella negra Chivers 340 g.", "imagen_src": "https://static.carrefour.es/hd_350x_/img_pim_food/366708_00_1.jpg", "precio_peso": "6,91 \u20ac/kg", "precio": "2,35 \u20ac", "oferta": "", "supermercado": "Carrefour"},
{"query": "Grosella", "nombre": "Robinsons de grosella negra y manzana sin gas sin azucar anadido 1 l.", "imagen_src": "https://static.carrefour.es/hd_350x_/img_pim_food/273342_00_1.jpg", "precio_peso": "2,17 \u20ac/l", "precio": "2,17 \u20ac", "oferta": "", "supermercado": "Carrefour"},
{"query": "Grosella", "nombre": "Evobomb 150g Grosella Negra- Hsn", "imagen_src": "https://static.carrefour.es/hd_350x_/imagenes/products/50563/29502/706/5056329502706/imagenGrande1.jpg", "precio_peso": "", "precio": "12,90 \u20ac", "oferta": "", "supermercado": "Carrefour"},
{"query": "Grosella", "nombre": "Evostamina 150g Grosella Negra- Hsn", "imagen_src": "https://static.carrefour.es/hd_350x_/imagenes/products/50563/29504/335/5056329504335/imagenGrande1.jpg", "precio_peso": "", "precio": "10,90 \u20ac", "oferta": "", "supermercado": "Carrefour"},
{"query": "Grosella", "nombre": "", "imagen_src": "https://static.carrefour.es/hd_350x_/imagenes/products/50563/29505/271/5056329505271/imagenGrande1.jpg", "precio_peso": "", "precio": "29,90 \u20ac", "oferta": "", "supermercado": "Carrefour"},
{"query": "Grosella", "nombre": "", "imagen_src": "https://static.carrefour.es/hd_350x_/imagenes/products/50563/29505/349/5056329505349/imagenGrande1.jpg", "precio_peso": "", "precio": "54,90 \u20ac", "oferta": "", "supermercado": "Carrefour"},
],
[
{"query": "Leche de cabra", "nombre": "Leche de cabra semidesnatada Puleva botella 1 l.", "imagen_src": "https://static.carrefour.es/hd_350x_/img_pim_food/074552_00_1.jpg", "precio_peso": "1,85 \u20ac/l", "precio": "1,85 \u20ac", "oferta": "", "supermercado": "Carrefour"},
{"query": "Leche de cabra", "nombre": "Leche entera de cabra pasteurizada ecologica Carrefour Bio 750 ml.", "imagen_src": "https://static.carrefour.es/hd_350x_/img_pim_food/721772_00_1.jpg", "precio_peso": "3,99 \u20ac/l", "precio": "2,99 \u20ac", "oferta": "", "supermercado": "Carrefour"},
{"query": "Leche de cabra", "nombre": "Leche fresca de cabra Granja Noe botella 1 l.", "imagen_src": "https://static.carrefour.es/hd_350x_/img_pim_food/347305_00_1.jpg", "precio_peso": "3,15 \u20ac/l", "precio": "3,15 \u20ac", "oferta": "", "supermercado": "Carrefour"},
{"query": "Leche de cabra", "nombre": "Leche de cabra entera ecologica Cantero de Letur botella 1 l.", "imagen_src": "https://static.carrefour.es/hd_350x_/img_pim_food/848050_00_1.jpg", "precio_peso": "4,40 \u20ac/l", "precio": "4,40 \u20ac", "oferta": "", "supermercado": "Carrefour"},
{"query": "Leche de cabra", "nombre": "", "imagen_src": "https://static.carrefour.es/hd_350x_/crs/cdn_static/catalog/hd/973895_00_1.jpg", "precio_peso": "", "precio": "", "oferta": "", "supermercado": "Carrefour"},
{"query": "Leche de cabra", "nombre": "", "imagen_src": "https://static.carrefour.es/hd_350x_/img_pim_food/437905_00_1.jpg", "precio_peso": "", "precio": "", "oferta": "", "supermercado": "Carrefour"},
],
[
{"query": "Lima", "nombre": "Lima Carrefour 300 g", "imagen_src": "https://static.carrefour.es/hd_350x_/img_pim_food/485748_00_1.jpg", "precio_peso": "3,33 \u20ac/kg", "precio": "1 \u20ac", "oferta": "", "supermercado": "Carrefour"},
{"query": "Lima", "nombre": "Lima de unas fibra de vidrio 180/220 grit Beter 1 ud.", "imagen_src": "https://static.carrefour.es/hd_350x_/img_pim_food/814497_00_1.jpg", "precio_peso": "1,99 \u20ac/ud", "precio": "1,99 \u20ac", "oferta": "", "supermercado": "Carrefour"},
{"query": "Lima", "nombre": "Concentrado de lima Rives 1 l.", "imagen_src": "https://static.carrefour.es/hd_350x_/img_pim_food/000119_00_1.jpg", "precio_peso": "3,99 \u20ac/l", "precio": "3,99 \u20ac", "oferta": "", "supermercado": "Carrefour"},
{"query": "Lima", "nombre": "Refresco lima-limon Enjoy botella 2 L", "imagen_src": "https://static.carrefour.es/hd_350x_/img_pim_food/045070_00_1.jpg", "precio_peso": "0,31 \u20ac/l", "precio": "0,62 \u20ac", "oferta": "", "supermercado": "Carrefour"},
{"query": "Lima", "nombre": "", "imagen_src": "https://static.carrefour.es/hd_350x_/img_pim_food/290994_00_1.jpg", "precio_peso": "", "precio": "", "oferta": "", "supermercado": "Carrefour"},
{"query": "Lima", "nombre": "", "imagen_src": "https://static.carrefour.es/hd_350x_/img_pim_food/291091_00_1.jpg", "precio_peso": "", "precio": "", "oferta": "", "supermercado": "Carrefour"},
],
[
{"query": "Leche de oveja", "nombre": "", "imagen_src": "https://static.carrefour.es/hd_350x_/img_pim_food/822158_00_1.jpg", "precio_peso": "2,09 \u20ac/l", "precio": "2,09 \u20ac", "oferta": "", "supermercado": "Carrefour"},
{"query": "Leche de oveja", "nombre": "Kefir de leche de cabra y oveja desnatado ecologico Carrefour Bio 420 g.", "imagen_src": "https://static.carrefour.es/hd_350x_/img_pim_food/437905_00_1.jpg", "precio_peso": "6,40 \u20ac/kg", "precio": "2,69 \u20ac", "oferta": "", "supermercado": "Carrefour"},
{"query": "Leche de oveja", "nombre": "Kefir de leche de oveja ecologico Carrefour Bio 420g.", "imagen_src": "https://static.carrefour.es/hd_350x_/img_pim_food/437909_00_1.jpg", "precio_peso": "5,93 \u20ac/kg", "precio": "2,49 \u20ac", "oferta": "", "supermercado": "Carrefour"},
{"query": "Leche de oveja", "nombre": "Kefir de leche de oveja 0% MG ecologico Carrefour Bio 420 g.", "imagen_src": "https://static.carrefour.es/hd_350x_/img_pim_food/437912_00_1.jpg", "precio_peso": "7,50 \u20ac/kg", "precio": "3,15 \u20ac", "oferta": "", "supermercado": "Carrefour"},
{"query": "Leche de oveja", "nombre": "", "imagen_src": "https://static.carrefour.es/hd_350x_/img_pim_food/586421_00_1.jpg", "precio_peso": "", "precio": "", "oferta": "", "supermercado": "Carrefour"},
{"query": "Leche de oveja", "nombre": "", "imagen_src": "https://static.carrefour.es/hd_350x_/img_pim_food/437920_00_1.jpg", "precio_peso": "", "precio": "", "oferta": "", "supermercado": "Carrefour"},
],
[
{"query": "Litchi", "nombre": "Cultivers Abono Arboles Tropicales Ecologico De 5 Kg. Fertilizante Para Aguacate, Mango, Litchi, Pitahaya, Papaya Y Guayaba", "imagen_src": "https://static.carrefour.es/hd_350x_/imagenes/products/84355/45506/298/8435545506298/imagenGrande1.jpg", "precio_peso": "", "precio": "19,84 \u20ac", "oferta": "", "supermercado": "Carrefour"},
{"query": "Litchi", "nombre": "Cultivers Abono Arboles Tropicales Ecologico De 1 Kg. Fertilizante Para Aguacate, Mango, Litchi, Pitahaya, Papaya Y Guayaba", "imagen_src": "https://static.carrefour.es/hd_350x_/imagenes/products/84366/02760/943/8436602760943/imagenGrande1.jpg", "precio_peso": "", "precio": "8,97 \u20ac", "oferta": "", "supermercado": "Carrefour"},
{"query": "Litchi", "nombre": "Cultivers Abono Arboles Tropicales Ecologico De 20 Kg. Fertilizante Para Aguacate, Mango, Litchi, Pitahaya, Papaya Y Guayaba", "imagen_src": "https://static.carrefour.es/hd_350x_/imagenes/products/84366/02761/605/8436602761605/imagenGrande1.jpg", "precio_peso": "", "precio": "42 \u20ac", "oferta": "", "supermercado": "Carrefour"},
],
[
{"query": "Queso Cheddar", "nombre": "Queso cheddar en lonchas Carrefour 200 g.", "imagen_src": "https://static.carrefour.es/hd_350x_/img_pim_food/695537_00_1.jpg", "precio_peso": "9 \u20ac/kg", "precio": "1,80 \u20ac", "oferta": "", "supermercado": "Carrefour"},
{"query": "Queso Cheddar", "nombre": "Queso burguer con cheddar El Caserio 185 g.", "imagen_src": "https://static.carrefour.es/hd_350x_/img_pim_food/988963_00_1.jpg", "precio_peso": "10,76 \u20ac/kg", "precio": "1,99 \u20ac", "oferta": "", "supermercado": "Carrefour"},
{"query": "Queso Cheddar", "nombre": "Queso cheddar blanco curado extra mature Kerrygold 200 g", "imagen_src": "https://static.carrefour.es/hd_350x_/img_pim_food/684519_00_1.jpg", "precio_peso": "20 \u20ac/kg", "precio": "4 \u20ac", "oferta": "", "supermercado": "Carrefour"},
{"query": "Queso Cheddar", "nombre": "Queso cheddar naranja ya cortado Millan Vicente 250 g", "imagen_src": "https://static.carrefour.es/hd_350x_/img_pim_food/679673_00_1.jpg", "precio_peso": "15,20 \u20ac/kg", "precio": "3,80 \u20ac", "oferta": "", "supermercado": "Carrefour"},
{"query": "Queso Cheddar", "nombre": "", "imagen_src": "https://static.carrefour.es/hd_350x_/img_pim_food/619080_00_1.jpg", "precio_peso": "", "precio": "1,99 \u20ac", "oferta": "", "supermercado": "Carrefour"},
{"query": "Queso Cheddar", "nombre": "", "imagen_src": "https://static.carrefour.es/hd_350x_/img_pim_food/678203_00_1.jpg", "precio_peso": "", "precio": "5,75 \u20ac", "oferta": "", "supermercado": "Carrefour"},
],
[
{"query": "Membrillo", "nombre": "Dulce de membrillo casero Emily sin gluten 250 g.", "imagen_src": "https://static.carrefour.es/hd_350x_/img_pim_food/884601_00_1.jpg", "precio_peso": "7,96 \u20ac/kg", "precio": "1,99 \u20ac", "oferta": "", "supermercado": "Carrefour"},
{"query": "Membrillo", "nombre": "Membrillo De Nuestra Tierra 310 g.", "imagen_src": "https://static.carrefour.es/hd_350x_/img_pim_food/950939_00_1.jpg", "precio_peso": "11,45 \u20ac/kg", "precio": "3,55 \u20ac", "oferta": "", "supermercado": "Carrefour"},
{"query": "Membrillo", "nombre": "Membrillo ecologico Santa Teresa sin gluten 290 g.", "imagen_src": "https://static.carrefour.es/hd_350x_/img_pim_food/223510_00_1.jpg", "precio_peso": "13,76 \u20ac/kg", "precio": "3,99 \u20ac", "oferta": "", "supermercado": "Carrefour"},
{"query": "Membrillo", "nombre": "Dulce de membrillo ecologico Helios sin gluten y sin lactosa 330 g.", "imagen_src": "https://static.carrefour.es/hd_350x_/img_pim_food/979665_00_1.jpg", "precio_peso": "6,82 \u20ac/kg", "precio": "2,25 \u20ac", "oferta": "", "supermercado": "Carrefour"},
{"query": "Membrillo", "nombre": "", "imagen_src": "https://static.carrefour.es/hd_350x_/img_pim_food/899720_00_1.jpg", "precio_peso": "", "precio": "", "oferta": "", "supermercado": "Carrefour"},
{"query": "Membrillo", "nombre": "", "imagen_src": "https://static.carrefour.es/hd_350x_/img_pim_food/283997_00_1.jpg", "precio_peso": "", "precio": "", "oferta": "", "supermercado": "Carrefour"},
],
[
{"query": "Petit Suisse", "nombre": "Petit Pittacum Tinto 2021", "imagen_src": "https://static.carrefour.es/hd_350x_/img_pim_food/148126_00_2_Bodega.jpg", "precio_peso": "6,89 \u20ac/ud", "precio": "6,89 \u20ac", "oferta": "", "supermercado": "Carrefour"},
{"query": "Petit Suisse", "nombre": "Pago Del Vicario Petit Verdot Rosado 2021", "imagen_src": "https://static.carrefour.es/hd_350x_/img_pim_food/450113_00_2_Bodega.jpg", "precio_peso": "7,05 \u20ac/ud", "precio": "7,05 \u20ac", "oferta": "", "supermercado": "Carrefour"},
{"query": "Petit Suisse", "nombre": "Petit Albet Brut Reserva Espumoso Brut 2019", "imagen_src": "https://static.carrefour.es/hd_350x_/img_pim_food/161946_00_2_Bodega.jpg", "precio_peso": "9,19 \u20ac/ud", "precio": "9,19 \u20ac", "oferta": "", "supermercado": "Carrefour"},
{"query": "Petit Suisse", "nombre": "Hello World Petit Verdot Tinto 2021", "imagen_src": "https://static.carrefour.es/hd_350x_/img_pim_food/323886_00_2_Bodega.jpg", "precio_peso": "5,55 \u20ac/ud", "precio": "5,55 \u20ac", "oferta": "", "supermercado": "Carrefour"},
{"query": "Petit Suisse", "nombre": "", "imagen_src": "https://static.carrefour.es/hd_350x_/img_pim_food/339617_00_2_Bodega.jpg", "precio_peso": "", "precio": "", "oferta": "", "supermercado": "Carrefour"},
{"query": "Petit Suisse", "nombre": "", "imagen_src": "https://static.carrefour.es/hd_350x_/img_pim_food/256697_00_2_Bodega.jpg", "precio_peso": "", "precio": "", "oferta": "", "supermercado": "Carrefour"},
],
[
{"query": "Papaya", "nombre": "Papaya Funda Nordica 140x200 Cm 100% Poliester", "imagen_src": "https://static.carrefour.es/hd_350x_/imagenes/products/84450/38261/290/8445038261290/imagenGrande1.jpg", "precio_peso": "", "precio": "29,99 \u20ac", "oferta": "", "supermercado": "Carrefour"},
{"query": "Papaya", "nombre": "Papaya Funda Nordica Cama 105 (180x220 Cm) 100% Poliester", "imagen_src": "https://static.carrefour.es/hd_350x_/imagenes/products/84450/38261/313/8445038261313/imagenGrande1.jpg", "precio_peso": "", "precio": "35,99 \u20ac", "oferta": "", "supermercado": "Carrefour"},
{"query": "Papaya", "nombre": "Papaya Funda Nordica 200x200 Cm 100% Poliester", "imagen_src": "https://static.carrefour.es/hd_350x_/imagenes/products/84450/38261/320/8445038261320/imagenGrande1.jpg", "precio_peso": "", "precio": "35,99 \u20ac", "oferta": "", "supermercado": "Carrefour"},
{"query": "Papaya", "nombre": "Papaya Funda Nordica Cama 135/140 (220x220 Cm) 100% Poliester", "imagen_src": "https://static.carrefour.es/hd_350x_/imagenes/products/84450/38261/337/8445038261337/imagenGrande1.jpg", "precio_peso": "", "precio": "39,99 \u20ac", "oferta": "", "supermercado": "Carrefour"},
{"query": "Papaya", "nombre": "", "imagen_src": "https://static.carrefour.es/hd_350x_/imagenes/products/84450/38261/344/8445038261344/imagenGrande1.jpg", "precio_peso": "", "precio": "", "oferta": "", "supermercado": "Carrefour"},
{"query": "Papaya", "nombre": "", "imagen_src": "https://static.carrefour.es/hd_350x_/imagenes/products/84450/38261/351/8445038261351/imagenGrande1.jpg", "precio_peso": "", "precio": "", "oferta": "", "supermercado": "Carrefour"},
],
[
{"query": "Avena", "nombre": "Avena suave integral Oatibix Weetabix 500 g.", "imagen_src": "https://static.carrefour.es/hd_350x_/img_pim_food/910205_00_1.jpg", "precio_peso": "3,18 \u20ac/kg", "precio": "1,59 \u20ac", "oferta": "", "supermercado": "Carrefour"},
{"query": "Avena", "nombre": "Copos de avena integral suaves Kolln 500 g.", "imagen_src": "https://static.carrefour.es/hd_350x_/img_pim_food/778234_00_1.jpg", "precio_peso": "4,58 \u20ac/kg", "precio": "2,29 \u20ac", "oferta": "", "supermercado": "Carrefour"},
{"query": "Avena", "nombre": "Avena suave integral ecologica Oatibix 500 g.", "imagen_src": "https://static.carrefour.es/hd_350x_/img_pim_food/355363_00_1.jpg", "precio_peso": "4,38 \u20ac/kg", "precio": "2,19 \u20ac", "oferta": "", "supermercado": "Carrefour"},
{"query": "Avena", "nombre": "Bebida de avena sin azucar anadido Vegye sin gluten brik 1 l.", "imagen_src": "https://static.carrefour.es/hd_350x_/img_pim_food/637171_00_1.jpg", "precio_peso": "0,99 \u20ac/l", "precio": "0,99 \u20ac", "oferta": "", "supermercado": "Carrefour"},
{"query": "Avena", "nombre": "", "imagen_src": "https://static.carrefour.es/hd_350x_/img_pim_food/254726_00_1.jpg", "precio_peso": "", "precio": "", "oferta": "", "supermercado": "Carrefour"},
{"query": "Avena", "nombre": "", "imagen_src": "https://static.carrefour.es/hd_350x_/img_pim_food/892929_00_1.jpg", "precio_peso": "", "precio": "", "oferta": "", "supermercado": "Carrefour"},
],
[
{"query": "Queso Gruyer", "nombre": "Queso Gruyere Carrrefour 200 g", "imagen_src": "https://static.carrefour.es/hd_350x_/img_pim_food/681368_00_1.jpg", "precio_peso": "14,95 \u20ac/kg", "precio": "2,99 \u20ac", "oferta": "", "supermercado": "Carrefour"},
{"query": "Queso Gruyer", "nombre": "Queso gruyere Frances D.O.P. Monts&Terroirs 200 g", "imagen_src": "https://static.carrefour.es/hd_350x_/img_pim_food/684671_00_1.jpg", "precio_peso": "24,75 \u20ac/kg", "precio": "4,95 \u20ac", "oferta": "", "supermercado": "Carrefour"},
{"query": "Queso Gruyer", "nombre": "Queso gruyere Suizo A.O.C taco Le Gruyere 200 g", "imagen_src": "https://static.carrefour.es/hd_350x_/img_pim_food/684660_00_1.jpg", "precio_peso": "31,50 \u20ac/kg", "precio": "6,30 \u20ac", "oferta": "", "supermercado": "Carrefour"},
{"query": "Queso Gruyer", "nombre": "Queso Queso Gruyere IGP France Reflets de France 250 g", "imagen_src": "https://static.carrefour.es/hd_350x_/img_pim_food/683648_00_1.jpg", "precio_peso": "22 \u20ac/kg", "precio": "5,50 \u20ac", "oferta": "", "supermercado": "Carrefour"},
],
[
{"query": "Almid\u00f3n de ma\u00edz", "nombre": "Amilopectina 2.0 (almidon De Maiz) 3kg Sin Sabor- Hsn", "imagen_src": "https://static.carrefour.es/hd_350x_/imagenes/products/50603/26270/360/5060326270360/imagenGrande1.jpg", "precio_peso": "", "precio": "18,90 \u20ac", "oferta": "", "supermercado": "Carrefour"},
{"query": "Almid\u00f3n de ma\u00edz", "nombre": "Amilopectina 2.0 (almidon De Maiz) 1kg Sin Sabor- Hsn", "imagen_src": "https://static.carrefour.es/hd_350x_/imagenes/products/50603/26271/794/5060326271794/imagenGrande1.jpg", "precio_peso": "", "precio": "8,90 \u20ac", "oferta": "", "supermercado": "Carrefour"},
],
[
{"query": "Pera enlatada en alm\u00edbar", "nombre": "Peras en almibar Ferba 480 g.", "imagen_src": "https://static.carrefour.es/hd_350x_/img_pim_food/689458_00_1.jpg", "precio_peso": "3,90 \u20ac/kg", "precio": "1,87 \u20ac", "oferta": "", "supermercado": "Carrefour"},
],
[
{"query": "Cebada", "nombre": "Cereales de arroz, trigo y cebada integral Special K Kellogg's 750 g.", "imagen_src": "https://static.carrefour.es/hd_350x_/img_pim_food/559238_00_1.jpg", "precio_peso": "4,77 \u20ac/kg", "precio": "3,58 \u20ac", "oferta": "", "supermercado": "Carrefour"},
{"query": "Cebada", "nombre": "Cereales de arroz, trigo y cebada integral con chocolate negro Special K Kellogg's 550 g.", "imagen_src": "https://static.carrefour.es/hd_350x_/img_pim_food/651784_00_1.jpg", "precio_peso": "6,67 \u20ac/kg", "precio": "3,67 \u20ac", "oferta": "", "supermercado": "Carrefour"},
{"query": "Cebada", "nombre": "Cereales de trigo, arroz y cebada integral Special K Kellogg's 375 g.", "imagen_src": "https://static.carrefour.es/hd_350x_/img_pim_food/716712_00_1.jpg", "precio_peso": "5,31 \u20ac/kg", "precio": "1,99 \u20ac", "oferta": "", "supermercado": "Carrefour"},
{"query": "Cebada", "nombre": "Copos de arroz, trigo integral y cebada integral Stylesse Carrefour 750 g.", "imagen_src": "https://static.carrefour.es/hd_350x_/img_pim_food/626918_00_1.jpg", "precio_peso": "2,65 \u20ac/kg", "precio": "1,99 \u20ac", "oferta": "", "supermercado": "Carrefour"},
{"query": "Cebada", "nombre": "", "imagen_src": "https://static.carrefour.es/hd_350x_/img_pim_food/234299_00_1.jpg", "precio_peso": "", "precio": "1,51 \u20ac", "oferta": "", "supermercado": "Carrefour"},
{"query": "Cebada", "nombre": "", "imagen_src": "https://static.carrefour.es/hd_350x_/imagenes/products/50603/26278/458/5060326278458/imagenGrande1.jpg", "precio_peso": "", "precio": "9,90 \u20ac", "oferta": "", "supermercado": "Carrefour"},
],
[
{"query": "Agua con gas", "nombre": "Agua mineral con gas Carrefour 1,25 l.", "imagen_src": "https://static.carrefour.es/hd_350x_/img_pim_food/289186_00_1.jpg", "precio_peso": "0,21 \u20ac/l", "precio": "0,26 \u20ac", "oferta": "", "supermercado": "Carrefour"},
{"query": "Agua con gas", "nombre": "Agua mineral con gas Fonter 1 l.", "imagen_src": "https://static.carrefour.es/hd_350x_/img_pim_food/316697_00_1.jpg", "precio_peso": "0,99 \u20ac/l", "precio": "0,99 \u20ac", "oferta": "", "supermercado": "Carrefour"},
{"query": "Agua con gas", "nombre": "Agua mineral con gas San Pellegrino 1 l.", "imagen_src": "https://static.carrefour.es/hd_350x_/img_pim_food/760815_00_1.jpg", "precio_peso": "1,24 \u20ac/l", "precio": "1,24 \u20ac", "oferta": "", "supermercado": "Carrefour"},
{"query": "Agua con gas", "nombre": "Agua mineral con gas Solan de Cabras 75 cl.", "imagen_src": "https://static.carrefour.es/hd_350x_/img_pim_food/441591_00_1.jpg", "precio_peso": "1,41 \u20ac/l", "precio": "1,06 \u20ac", "oferta": "", "supermercado": "Carrefour"},
{"query": "Agua con gas", "nombre": "", "imagen_src": "https://static.carrefour.es/hd_350x_/img_pim_food/000133_00_1.jpg", "precio_peso": "1,29 \u20ac/l", "precio": "1,29 \u20ac", "oferta": "", "supermercado": "Carrefour"},
{"query": "Agua con gas", "nombre": "", "imagen_src": "https://static.carrefour.es/hd_350x_/img_pim_food/637108_00_1.jpg", "precio_peso": "1,07 \u20ac/l", "precio": "1,07 \u20ac", "oferta": "", "supermercado": "Carrefour"},
],
[
{"query": "Uva negra", "nombre": "La Vina De Uvas Negras", "imagen_src": "https://static.carrefour.es/hd_350x_/imagenes/products/97884/94833/502/9788494833502/imagenGrande1.jpg", "precio_peso": "", "precio": "17,96 \u20ac", "oferta": "", "supermercado": "Carrefour"},
],
[
{"query": "Caf\u00e9 en grano o molido", "nombre": "Cafe molido mezcla Gran Aroma Marcilla 500 g.", "imagen_src": "https://static.carrefour.es/hd_350x_/img_pim_food/912132_00_1.jpg", "precio_peso": "11,30 \u20ac/kg", "precio": "5,65 \u20ac", "oferta": "", "supermercado": "Carrefour"},
{"query": "Caf\u00e9 en grano o molido", "nombre": "Cafe molido natural Gran Aroma Marcilla 500 g.", "imagen_src": "https://static.carrefour.es/hd_350x_/img_pim_food/912144_00_1.jpg", "precio_peso": "11,30 \u20ac/kg", "precio": "5,65 \u20ac", "oferta": "", "supermercado": "Carrefour"},
{"query": "Caf\u00e9 en grano o molido", "nombre": "Cafe molido mezcla Gran Aroma Marcilla 250 g.", "imagen_src": "https://static.carrefour.es/hd_350x_/img_pim_food/001715_00_1.jpg", "precio_peso": "11,96 \u20ac/kg", "precio": "2,99 \u20ac", "oferta": "", "supermercado": "Carrefour"},
{"query": "Caf\u00e9 en grano o molido", "nombre": "Cafe molido natural Gran Aroma Marcilla 250 g.", "imagen_src": "https://static.carrefour.es/hd_350x_/img_pim_food/001723_00_1.jpg", "precio_peso": "11,96 \u20ac/kg", "precio": "2,99 \u20ac", "oferta": "", "supermercado": "Carrefour"},
{"query": "Caf\u00e9 en grano o molido", "nombre": "", "imagen_src": "https://static.carrefour.es/hd_350x_/img_pim_food/912140_00_1.jpg", "precio_peso": "14,22 \u20ac/kg", "precio": "5,69 \u20ac", "oferta": "", "supermercado": "Carrefour"},
{"query": "Caf\u00e9 en grano o molido", "nombre": "", "imagen_src": "https://static.carrefour.es/hd_350x_/img_pim_food/210340_00_1.jpg", "precio_peso": "11,06 \u20ac/kg", "precio": "5,53 \u20ac", "oferta": "", "supermercado": "Carrefour"},
],
[
{"query": "Garbanzo", "nombre": "Garbanzo cocido categoria extra Luengo 400 g.", "imagen_src": "https://static.carrefour.es/hd_350x_/img_pim_food/032627_00_1.jpg", "precio_peso": "2,75 \u20ac/kg", "precio": "1,10 \u20ac", "oferta": "", "supermercado": "Carrefour"},
{"query": "Garbanzo", "nombre": "Garbanzos cocidos La Muralla 400 g.", "imagen_src": "https://static.carrefour.es/hd_350x_/img_pim_food/180426_00_1.jpg", "precio_peso": "1,48 \u20ac/kg", "precio": "0,59 \u20ac", "oferta": "", "supermercado": "Carrefour"},
{"query": "Garbanzo", "nombre": "Garbanzos cocidos Carrefour 210 g.", "imagen_src": "https://static.carrefour.es/hd_350x_/img_pim_food/551496_00_1.jpg", "precio_peso": "3,10 \u20ac/kg", "precio": "0,65 \u20ac", "oferta": "", "supermercado": "Carrefour"},
{"query": "Garbanzo", "nombre": "Garbanzo categoria extra Carrefour 1 kg.", "imagen_src": "https://static.carrefour.es/hd_350x_/img_pim_food/201578_00_1.jpg", "precio_peso": "2,29 \u20ac/kg", "precio": "2,29 \u20ac", "oferta": "", "supermercado": "Carrefour"},
{"query": "Garbanzo", "nombre": "", "imagen_src": "https://static.carrefour.es/hd_350x_/img_pim_food/024668_00_1.jpg", "precio_peso": "", "precio": "", "oferta": "", "supermercado": "Carrefour"},
{"query": "Garbanzo", "nombre": "", "imagen_src": "https://static.carrefour.es/hd_350x_/img_pim_food/974719_00_1.jpg", "precio_peso": "", "precio": "", "oferta": "", "supermercado": "Carrefour"},
],
[
{"query": "Cerdo solomillo", "nombre": "Solomillo de cerdo Carrefour 1,2 kg aprox", "imagen_src": "https://static.carrefour.es/hd_350x_/img_pim_food/518437_00_1.jpg", "precio_peso": "5,89 \u20ac/kg", "precio": "7,07 \u20ac", "oferta": "", "supermercado": "Carrefour"},
{"query": "Cerdo solomillo", "nombre": "Solomillo de cerdo Extratiernos ElPozo 750 g aprox", "imagen_src": "https://static.carrefour.es/hd_350x_/img_pim_food/952417_00_1.jpg", "precio_peso": "9,99 \u20ac/kg", "precio": "7,49 \u20ac", "oferta": "", "supermercado": "Carrefour"},
{"query": "Cerdo solomillo", "nombre": "Solomillo de cerdo al romero Extratiernos El Pozo 750 g aprox", "imagen_src": "https://static.carrefour.es/hd_350x_/img_pim_food/980807_00_1.jpg", "precio_peso": "9,70 \u20ac/kg", "precio": "7,28 \u20ac", "oferta": "", "supermercado": "Carrefour"},
{"query": "Cerdo solomillo", "nombre": "Solomillo de Cerdo Iberico Carrefour 500 g aprox", "imagen_src": "https://static.carrefour.es/hd_350x_/img_pim_food/517464_00_1.jpg", "precio_peso": "17,90 \u20ac/kg", "precio": "8,95 \u20ac", "oferta": "", "supermercado": "Carrefour"},
{"query": "Cerdo solomillo", "nombre": "", "imagen_src": "https://static.carrefour.es/hd_350x_/img_pim_food/980753_00_1.jpg", "precio_peso": "", "precio": "", "oferta": "", "supermercado": "Carrefour"},
{"query": "Cerdo solomillo", "nombre": "", "imagen_src": "https://static.carrefour.es/hd_350x_/img_pim_food/465449_00_1.jpg", "precio_peso": "", "precio": "", "oferta": "", "supermercado": "Carrefour"},
],
[
],
[
],
[
],
[
{"query": "Ternera solomillo", "nombre": "", "imagen_src": "https://static.carrefour.es/hd_350x_/img_pim_food/763475_00_1.jpg", "precio_peso": "", "precio": "", "oferta": "", "supermercado": "Carrefour"},
{"query": "Ternera solomillo", "nombre": "Solomillo de anojo Calidad y Origen Carrefour 500 g aprox", "imagen_src": "https://static.carrefour.es/hd_350x_/img_pim_food/842676_00_1.jpg", "precio_peso": "34,90 \u20ac/kg", "precio": "17,45 \u20ac", "oferta": "", "supermercado": "Carrefour"},
{"query": "Ternera solomillo", "nombre": "Solomillo De Ternera", "imagen_src": "https://static.carrefour.es/hd_350x_/imagenes/products/21000/00143/429/2100000143429/imagenGrande1.jpg", "precio_peso": "", "precio": "34,99 \u20ac", "oferta": "", "supermercado": "Carrefour"},
{"query": "Ternera solomillo", "nombre": "Medallon de solomillo de vacuno 500 g aprox", "imagen_src": "https://static.carrefour.es/hd_350x_/img_pim_food/955734_00_1.jpg", "precio_peso": "32,40 \u20ac/kg", "precio": "16,20 \u20ac", "oferta": "", "supermercado": "Carrefour"},
{"query": "Ternera solomillo", "nombre": "", "imagen_src": "https://static.carrefour.es/hd_350x_/imagenes/products/21000/00143/446/2100000143446/imagenGrande1.jpg", "precio_peso": "", "precio": "", "oferta": "", "supermercado": "Carrefour"},
{"query": "Ternera solomillo", "nombre": "", "imagen_src": "https://static.carrefour.es/hd_350x_/img_pim_food/126449_00_1.jpg", "precio_peso": "", "precio": "", "oferta": "", "supermercado": "Carrefour"},
],
[
{"query": "Ternera costilla", "nombre": "Costilla Churrasco de anojo Calidad y Origen Carrefour 900 g aprox", "imagen_src": "https://static.carrefour.es/hd_350x_/img_pim_food/842670_00_1.jpg", "precio_peso": "10,79 \u20ac/kg", "precio": "9,71 \u20ac", "oferta": "", "supermercado": "Carrefour"},
],
[
{"query": "Cereales desayuno  ma\u00edz y miel", "nombre": "Cereales con maiz y miel Carrefour Kids 500 g.", "imagen_src": "https://static.carrefour.es/hd_350x_/img_pim_food/099359_00_1.jpg", "precio_peso": "3,04 \u20ac/kg", "precio": "1,52 \u20ac", "oferta": "", "supermercado": "Carrefour"},
],
[
{"query": "Cereales desayuno  ma\u00edz y trigo", "nombre": "Cereales de trigo y maiz tostados, con pepitas al chocolate Cookie Crisp Nestle 375 g.", "imagen_src": "https://static.carrefour.es/hd_350x_/img_pim_food/469987_00_1.jpg", "precio_peso": "7,97 \u20ac/kg", "precio": "2,99 \u20ac", "oferta": "", "supermercado": "Carrefour"},
],
[
],
[
{"query": "Cereales desayuno  trigo y arroz", "nombre": "Cereales de arroz, trigo y cebada integral Special K Kellogg's 750 g.", "imagen_src": "https://static.carrefour.es/hd_350x_/img_pim_food/559238_00_1.jpg", "precio_peso": "4,77 \u20ac/kg", "precio": "3,58 \u20ac", "oferta": "", "supermercado": "Carrefour"},
{"query": "Cereales desayuno  trigo y arroz", "nombre": "Cereales de arroz, trigo y cebada integral con chocolate negro Special K Kellogg's 550 g.", "imagen_src": "https://static.carrefour.es/hd_350x_/img_pim_food/651784_00_1.jpg", "precio_peso": "6,67 \u20ac/kg", "precio": "3,67 \u20ac", "oferta": "", "supermercado": "Carrefour"},
{"query": "Cereales desayuno  trigo y arroz", "nombre": "Cereales de trigo, arroz y cebada integral Special K Kellogg's 375 g.", "imagen_src": "https://static.carrefour.es/hd_350x_/img_pim_food/716712_00_1.jpg", "precio_peso": "5,31 \u20ac/kg", "precio": "1,99 \u20ac", "oferta": "", "supermercado": "Carrefour"},
{"query": "Cereales desayuno  trigo y arroz", "nombre": "Cereales de trigo y arroz sabor cacao y vainilla Oreo O's 350 g.", "imagen_src": "https://static.carrefour.es/hd_350x_/img_pim_food/616637_00_1.jpg", "precio_peso": "11,69 \u20ac/kg", "precio": "4,09 \u20ac", "oferta": "", "supermercado": "Carrefour"},
{"query": "Cereales desayuno  trigo y arroz", "nombre": "", "imagen_src": "https://static.carrefour.es/hd_350x_/img_pim_food/374357_00_1.jpg", "precio_peso": "", "precio": "3,59 \u20ac", "oferta": "", "supermercado": "Carrefour"},
{"query": "Cereales desayuno  trigo y arroz", "nombre": "", "imagen_src": "https://static.carrefour.es/hd_350x_/img_pim_food/626918_00_1.jpg", "precio_peso": "", "precio": "1,99 \u20ac", "oferta": "", "supermercado": "Carrefour"},
],
[
],
[
{"query": "Cereales desayuno trigo y miel", "nombre": "Cereales de trigo con azucar, jarabe de glucosa y miel Smacks Kellogg's 450 g.", "imagen_src": "https://static.carrefour.es/hd_350x_/img_pim_food/001782_00_1.jpg", "precio_peso": "7,44 \u20ac/kg", "precio": "3,35 \u20ac", "oferta": "", "supermercado": "Carrefour"},
{"query": "Cereales desayuno trigo y miel", "nombre": "Trigo hinchado con miel ecologico Carrefour Bio 375 g.", "imagen_src": "https://static.carrefour.es/hd_350x_/img_pim_food/659708_00_1.jpg", "precio_peso": "8,67 \u20ac/kg", "precio": "3,25 \u20ac", "oferta": "", "supermercado": "Carrefour"},
],
[
{"query": "Cereales desayuno ma\u00edz azucarado", "nombre": "Cereales de maiz tostados y azucarados Frosties Kellogg's 450 g.", "imagen_src": "https://static.carrefour.es/hd_350x_/img_pim_food/001788_00_1.jpg", "precio_peso": "7,44 \u20ac/kg", "precio": "3,35 \u20ac", "oferta": "", "supermercado": "Carrefour"},
],
[
{"query": "Croissant de chocolate", "nombre": "Croissant de mantequilla de chocolate 90 g", "imagen_src": "https://static.carrefour.es/hd_350x_/img_pim_food/189854_00_1.jpg", "precio_peso": "9,44 \u20ac/kg", "precio": "0,85 \u20ac", "oferta": "", "supermercado": "Carrefour"},
{"query": "Croissant de chocolate", "nombre": "Croissant con chocolate Carrefour Classic No Gluten! sin gluten 230 g.", "imagen_src": "https://static.carrefour.es/hd_350x_/img_pim_food/589688_00_1.jpg", "precio_peso": "13,70 \u20ac/kg", "precio": "3,15 \u20ac", "oferta": "", "supermercado": "Carrefour"},
{"query": "Croissant de chocolate", "nombre": "Croissant mini banados al cacao Classic' Carrefour 150 g.", "imagen_src": "https://static.carrefour.es/hd_350x_/img_pim_food/572655_00_1.jpg", "precio_peso": "8,33 \u20ac/kg", "precio": "1,25 \u20ac", "oferta": "", "supermercado": "Carrefour"},
],
[
{"query": "Donut", "nombre": "Berlinas bombon Donuts 8 ud.", "imagen_src": "https://static.carrefour.es/hd_350x_/img_pim_food/248208_00_1.jpg", "precio_peso": "9,52 \u20ac/kg", "precio": "4,19 \u20ac", "oferta": "", "supermercado": "Carrefour"},
{"query": "Donut", "nombre": "Berlinas bombon Carrefour 4 ud", "imagen_src": "https://static.carrefour.es/hd_350x_/img_pim_food/095604_00_1.jpg", "precio_peso": "0,34 \u20ac/ud", "precio": "1,35 \u20ac", "oferta": "", "supermercado": "Carrefour"},
{"query": "Donut", "nombre": "Berlina glace Donuts 4 ud.", "imagen_src": "https://static.carrefour.es/hd_350x_/img_pim_food/488502_00_1.jpg", "precio_peso": "12,02 \u20ac/kg", "precio": "2,50 \u20ac", "oferta": "", "supermercado": "Carrefour"},
{"query": "Donut", "nombre": "Berlinas bombon Donuts 4 ud.", "imagen_src": "https://static.carrefour.es/hd_350x_/img_pim_food/488506_00_1.jpg", "precio_peso": "11,36 \u20ac/kg", "precio": "2,50 \u20ac", "oferta": "", "supermercado": "Carrefour"},
{"query": "Donut", "nombre": "", "imagen_src": "https://static.carrefour.es/hd_350x_/img_pim_food/095601_00_1.jpg", "precio_peso": "", "precio": "1,35 \u20ac", "oferta": "", "supermercado": "Carrefour"},
{"query": "Donut", "nombre": "", "imagen_src": "https://static.carrefour.es/hd_350x_/img_pim_food/141069_00_1.jpg", "precio_peso": "", "precio": "3,25 \u20ac", "oferta": "", "supermercado": "Carrefour"},
],
[
{"query": "Galleta digestiva", "nombre": "Galletas Digestive Original Fontaneda 700 g.", "imagen_src": "https://static.carrefour.es/hd_350x_/img_pim_food/395930_00_1.jpg", "precio_peso": "4,71 \u20ac/kg", "precio": "3,30 \u20ac", "oferta": "", "supermercado": "Carrefour"},
{"query": "Galleta digestiva", "nombre": "Galletas con avena Digestive Avenacol Cuetara 300 g.", "imagen_src": "https://static.carrefour.es/hd_350x_/img_pim_food/899489_00_1.jpg", "precio_peso": "12,30 \u20ac/kg", "precio": "3,69 \u20ac", "oferta": "", "supermercado": "Carrefour"},
{"query": "Galleta digestiva", "nombre": "Galletas avena choco Digestive Gullon 425 g.", "imagen_src": "https://static.carrefour.es/hd_350x_/img_pim_food/150529_00_1.jpg", "precio_peso": "4,35 \u20ac/kg", "precio": "1,85 \u20ac", "oferta": "", "supermercado": "Carrefour"},
{"query": "Galleta digestiva", "nombre": "Galletas Digestive Sensation Carrefour sin aceite de palma 800 g.", "imagen_src": "https://static.carrefour.es/hd_350x_/img_pim_food/357073_00_1.jpg", "precio_peso": "2,11 \u20ac/kg", "precio": "1,69 \u20ac", "oferta": "", "supermercado": "Carrefour"},
{"query": "Galleta digestiva", "nombre": "", "imagen_src": "https://static.carrefour.es/hd_350x_/img_pim_food/813529_00_1.jpg", "precio_peso": "", "precio": "", "oferta": "", "supermercado": "Carrefour"},
{"query": "Galleta digestiva", "nombre": "", "imagen_src": "https://static.carrefour.es/hd_350x_/img_pim_food/717751_00_1.jpg", "precio_peso": "", "precio": "", "oferta": "", "supermercado": "Carrefour"},
],
[
],
[
{"query": "Galleta barquillo", "nombre": "Galletas de barquillo de chocolate rellenas con crema y menta Artiach 210 g.", "imagen_src": "https://static.carrefour.es/hd_350x_/img_pim_food/269639_00_1.jpg", "precio_peso": "10,43 \u20ac/kg", "precio": "2,19 \u20ac", "oferta": "", "supermercado": "Carrefour"},
{"query": "Galleta barquillo", "nombre": "Galletas de barquillo cubiertas de chocolate Choco Wafer Milka 180 g.", "imagen_src": "https://static.carrefour.es/hd_350x_/img_pim_food/339017_00_1.jpg", "precio_peso": "13,06 \u20ac/kg", "precio": "2,35 \u20ac", "oferta": "", "supermercado": "Carrefour"},
{"query": "Galleta barquillo", "nombre": "Galletas de barquillo rellenas de crema de vainilla sin azucares Zero Gullon 180 g.", "imagen_src": "https://static.carrefour.es/hd_350x_/img_pim_food/554957_00_1.jpg", "precio_peso": "10,28 \u20ac/kg", "precio": "1,85 \u20ac", "oferta": "", "supermercado": "Carrefour"},
{"query": "Galleta barquillo", "nombre": "Galletas de barquillo rellenas sabor nata Carrefour 210 g.", "imagen_src": "https://static.carrefour.es/hd_350x_/img_pim_food/513757_00_1.jpg", "precio_peso": "4,71 \u20ac/kg", "precio": "0,99 \u20ac", "oferta": "", "supermercado": "Carrefour"},
{"query": "Galleta barquillo", "nombre": "", "imagen_src": "https://static.carrefour.es/hd_350x_/img_pim_food/554956_00_1.jpg", "precio_peso": "", "precio": "", "oferta": "", "supermercado": "Carrefour"},
{"query": "Galleta barquillo", "nombre": "", "imagen_src": "https://static.carrefour.es/hd_350x_/img_pim_food/513772_00_1.jpg", "precio_peso": "", "precio": "", "oferta": "", "supermercado": "Carrefour"},
],
[
{"query": "Guisante", "nombre": "Guisantes muy finos Classic Carrefour 250 g.", "imagen_src": "https://static.carrefour.es/hd_350x_/img_pim_food/767712_00_1.jpg", "precio_peso": "2,80 \u20ac/kg", "precio": "0,70 \u20ac", "oferta": "", "supermercado": "Carrefour"},
{"query": "Guisante", "nombre": "Guisantes Carrefour 1 kg.", "imagen_src": "https://static.carrefour.es/hd_350x_/img_pim_food/181452_00_1.jpg", "precio_peso": "1,45 \u20ac/kg", "precio": "1,45 \u20ac", "oferta": "", "supermercado": "Carrefour"},
{"query": "Guisante", "nombre": "Guisantes muy finos Classic Carrefour pack de 3 latas de 140 g.", "imagen_src": "https://static.carrefour.es/hd_350x_/img_pim_food/335931_00_1.jpg", "precio_peso": "4,74 \u20ac/kg", "precio": "1,99 \u20ac", "oferta": "", "supermercado": "Carrefour"},
{"query": "Guisante", "nombre": "Guisantes tiernos y muy finos sin azucares anadidos Bonduelle pack de 3 unidades de 140 g.", "imagen_src": "https://static.carrefour.es/hd_350x_/img_pim_food/367757_00_1.jpg", "precio_peso": "6,64 \u20ac/kg", "precio": "2,79 \u20ac", "oferta": "", "supermercado": "Carrefour"},
{"query": "Guisante", "nombre": "", "imagen_src": "https://static.carrefour.es/hd_350x_/img_pim_food/008671_00_1.jpg", "precio_peso": "", "precio": "", "oferta": "", "supermercado": "Carrefour"},
{"query": "Guisante", "nombre": "", "imagen_src": "https://static.carrefour.es/hd_350x_/img_pim_food/435057_00_1.jpg", "precio_peso": "", "precio": "", "oferta": "", "supermercado": "Carrefour"},
],
[
{"query": "Galleta cubierta de chocolate", "nombre": "Galletas de barquillo cubiertas de chocolate Choco Wafer Milka 180 g.", "imagen_src": "https://static.carrefour.es/hd_350x_/img_pim_food/339017_00_1.jpg", "precio_peso": "13,06 \u20ac/kg", "precio": "2,35 \u20ac", "oferta": "", "supermercado": "Carrefour"},
{"query": "Galleta cubierta de chocolate", "nombre": "Galletas cubiertas de chocolate negro 75% cacao Origin Tanzania Fabs 150 g.", "imagen_src": "https://static.carrefour.es/hd_350x_/img_pim_food/313473_00_1.jpg", "precio_peso": "14,60 \u20ac/kg", "precio": "2,19 \u20ac", "oferta": "", "supermercado": "Carrefour"},
{"query": "Galleta cubierta de chocolate", "nombre": "Barritas de galleta cubiertas de chocolate Carrefour sin aceite de palma 168 g.", "imagen_src": "https://static.carrefour.es/hd_350x_/img_pim_food/593137_00_1.jpg", "precio_peso": "5,89 \u20ac/kg", "precio": "0,99 \u20ac", "oferta": "", "supermercado": "Carrefour"},
{"query": "Galleta cubierta de chocolate", "nombre": "Barritas de galleta crujiente cubiertas de chocolate con leche Nestle Kit Kat 5 ud.", "imagen_src": "https://static.carrefour.es/hd_350x_/img_pim_food/267300_00_1.jpg", "precio_peso": "10,87 \u20ac/kg", "precio": "2,25 \u20ac", "oferta": "", "supermercado": "Carrefour"},
{"query": "Galleta cubierta de chocolate", "nombre": "", "imagen_src": "https://static.carrefour.es/hd_350x_/img_pim_food/043321_00_1.jpg", "precio_peso": "", "precio": "", "oferta": "", "supermercado": "Carrefour"},
{"query": "Galleta cubierta de chocolate", "nombre": "", "imagen_src": "https://static.carrefour.es/hd_350x_/img_pim_food/841403_00_1.jpg", "precio_peso": "", "precio": "", "oferta": "", "supermercado": "Carrefour"},
],
[
{"query": "Galletas de mantequilla", "nombre": "Galletas de mantequilla con tableta de chocolate blanco Carrefour 150 g.", "imagen_src": "https://static.carrefour.es/hd_350x_/img_pim_food/309989_00_1.jpg", "precio_peso": "7,07 \u20ac/kg", "precio": "1,06 \u20ac", "oferta": "", "supermercado": "Carrefour"},
{"query": "Galletas de mantequilla", "nombre": "Galletas de mantequilla ecologicas Carrefour Bio 167 g.", "imagen_src": "https://static.carrefour.es/hd_350x_/img_pim_food/108353_00_1.jpg", "precio_peso": "9,52 \u20ac/kg", "precio": "1,59 \u20ac", "oferta": "", "supermercado": "Carrefour"},
{"query": "Galletas de mantequilla", "nombre": "Galletas de mantequilla con sal StMichel 150 g.", "imagen_src": "https://static.carrefour.es/hd_350x_/img_pim_food/903535_00_1.jpg", "precio_peso": "13,27 \u20ac/kg", "precio": "1,99 \u20ac", "oferta": "", "supermercado": "Carrefour"},
{"query": "Galletas de mantequilla", "nombre": "Galletas de mantequilla con tabletas de chocolate Carrefour Classic 150 g.", "imagen_src": "https://static.carrefour.es/hd_350x_/img_pim_food/147313_00_1.jpg", "precio_peso": "7,07 \u20ac/kg", "precio": "1,06 \u20ac", "oferta": "", "supermercado": "Carrefour"},
{"query": "Galletas de mantequilla", "nombre": "", "imagen_src": "https://static.carrefour.es/hd_350x_/img_pim_food/065534_00_1.jpg", "precio_peso": "", "precio": "1,06 \u20ac", "oferta": "", "supermercado": "Carrefour"},
{"query": "Galletas de mantequilla", "nombre": "", "imagen_src": "https://static.carrefour.es/hd_350x_/img_pim_food/841113_00_1.jpg", "precio_peso": "", "precio": "1,84 \u20ac", "oferta": "", "supermercado": "Carrefour"},
],
[
],
[
{"query": "Harina de avena", "nombre": "Harina de avena integral Carrefour 500 g.", "imagen_src": "https://static.carrefour.es/hd_350x_/img_pim_food/414666_00_1.jpg", "precio_peso": "2,34 \u20ac/kg", "precio": "1,17 \u20ac", "oferta": "", "supermercado": "Carrefour"},
{"query": "Harina de avena", "nombre": "Harina de avena integral ecologica el Horno de Lena 500 g.", "imagen_src": "https://static.carrefour.es/hd_350x_/img_pim_food/332312_00_1.jpg", "precio_peso": "4,18 \u20ac/kg", "precio": "2,09 \u20ac", "oferta": "", "supermercado": "Carrefour"},
{"query": "Harina de avena", "nombre": "Harina de avena integral instantanea Weider 1,9 kg.", "imagen_src": "https://static.carrefour.es/hd_350x_/img_pim_food/344997_00_1.jpg", "precio_peso": "5,94 \u20ac/kg", "precio": "11,29 \u20ac", "oferta": "", "supermercado": "Carrefour"},
{"query": "Harina de avena", "nombre": "Harinas De Avena Procell Oast Cell 1,5kg - Chocolate Blanco", "imagen_src": "https://static.carrefour.es/hd_350x_/imagenes/products/07428/32611/763/0742832611763/imagenGrande1.jpg", "precio_peso": "", "precio": "9,70 \u20ac", "oferta": "", "supermercado": "Carrefour"},
{"query": "Harina de avena", "nombre": "", "imagen_src": "https://static.carrefour.es/hd_350x_/imagenes/products/50563/29502/874/5056329502874/imagenGrande1.jpg", "precio_peso": "", "precio": "", "oferta": "", "supermercado": "Carrefour"},
{"query": "Harina de avena", "nombre": "", "imagen_src": "https://static.carrefour.es/hd_350x_/imagenes/products/50563/29502/881/5056329502881/imagenGrande1.jpg", "precio_peso": "", "precio": "", "oferta": "", "supermercado": "Carrefour"},
],
[
],
[
{"query": "Masa de hojaldre", "nombre": "Masa de hojaldre Carrefour Classic' pack de 2 unidades de 230 g.", "imagen_src": "https://static.carrefour.es/hd_350x_/img_pim_food/969704_00_1.jpg", "precio_peso": "4,61 \u20ac/kg", "precio": "2,12 \u20ac", "oferta": "", "supermercado": "Carrefour"},
{"query": "Masa de hojaldre", "nombre": "Masa de hojaldre Carrefour 230 g.", "imagen_src": "https://static.carrefour.es/hd_350x_/img_pim_food/314788_00_1.jpg", "precio_peso": "5,13 \u20ac/kg", "precio": "1,18 \u20ac", "oferta": "", "supermercado": "Carrefour"},
{"query": "Masa de hojaldre", "nombre": "Masa de hojaldre estirada Carrefour 500 g.", "imagen_src": "https://static.carrefour.es/hd_350x_/img_pim_food/231298_00_1.jpg", "precio_peso": "4,10 \u20ac/kg", "precio": "2,05 \u20ac", "oferta": "", "supermercado": "Carrefour"},
{"query": "Masa de hojaldre", "nombre": "Masa fresca de hojaldre Casa Tarradellas 260 g.", "imagen_src": "https://static.carrefour.es/hd_350x_/img_pim_food/244926_00_1.jpg", "precio_peso": "6,31 \u20ac/kg", "precio": "1,64 \u20ac", "oferta": "", "supermercado": "Carrefour"},
{"query": "Masa de hojaldre", "nombre": "", "imagen_src": "https://static.carrefour.es/hd_350x_/img_pim_food/156293_00_1.jpg", "precio_peso": "", "precio": "1,73 \u20ac", "oferta": "", "supermercado": "Carrefour"},
{"query": "Masa de hojaldre", "nombre": "", "imagen_src": "https://static.carrefour.es/hd_350x_/img_pim_food/816201_00_1.jpg", "precio_peso": "", "precio": "3,79 \u20ac", "oferta": "", "supermercado": "Carrefour"},
],
[
{"query": "Pavo muslo", "nombre": "Muslo de pavo curado en lonchas Carrefour sin gluten pack de 2 unidades de 50 g.", "imagen_src": "https://static.carrefour.es/hd_350x_/img_pim_food/709735_00_1.jpg", "precio_peso": "21,70 \u20ac/kg", "precio": "2,17 \u20ac", "oferta": "", "supermercado": "Carrefour"},
],
[
{"query": "N\u00e9ctar de mango", "nombre": "Nectar de mango y naranja Carrefour brik 1 l.", "imagen_src": "https://static.carrefour.es/hd_350x_/img_pim_food/865490_00_1.jpg", "precio_peso": "0,70 \u20ac/l", "precio": "0,70 \u20ac", "oferta": "", "supermercado": "Carrefour"},
{"query": "N\u00e9ctar de mango", "nombre": "Mascarilla capilar fortificante con mango & argan Nectar of Beauty Les Cosmetiques 300 ml.", "imagen_src": "https://static.carrefour.es/hd_350x_/img_pim_food/493148_00_1.jpg", "precio_peso": "0,72 \u20ac/100ml", "precio": "2,15 \u20ac", "oferta": "", "supermercado": "Carrefour"},
{"query": "N\u00e9ctar de mango", "nombre": "Champu fortificante con mango & argan Nectar Of Beauty Les Cosmetiques 400 ml.", "imagen_src": "https://static.carrefour.es/hd_350x_/img_pim_food/477589_00_1.jpg", "precio_peso": "0,54 \u20ac/100ml", "precio": "2,15 \u20ac", "oferta": "", "supermercado": "Carrefour"},
{"query": "N\u00e9ctar de mango", "nombre": "Exfoliante corporal nutritivo mango Nectar of Beauty Les Cosmetiques 200 ml.", "imagen_src": "https://static.carrefour.es/hd_350x_/img_pim_food/718267_00_1.jpg", "precio_peso": "1,57 \u20ac/100ml", "precio": "3,15 \u20ac", "oferta": "", "supermercado": "Carrefour"},
],
[
{"query": "Napolitana", "nombre": "Napolitanas rellenas de chocolate Classic' Carrefour 320 g.", "imagen_src": "https://static.carrefour.es/hd_350x_/img_pim_food/752845_00_1.jpg", "precio_peso": "4,84 \u20ac/kg", "precio": "1,55 \u20ac", "oferta": "", "supermercado": "Carrefour"},
{"query": "Napolitana", "nombre": "Napolitana bombon Carrefour 4 ud", "imagen_src": "https://static.carrefour.es/hd_350x_/img_pim_food/862471_00_1.jpg", "precio_peso": "0,69 \u20ac/ud", "precio": "2,75 \u20ac", "oferta": "", "supermercado": "Carrefour"},
{"query": "Napolitana", "nombre": "Napolitana con chocolate Carrefour pack de 6 unidades de 75 g.", "imagen_src": "https://static.carrefour.es/hd_350x_/img_pim_food/154532_00_1.jpg", "precio_peso": "5,98 \u20ac/kg", "precio": "2,69 \u20ac", "oferta": "", "supermercado": "Carrefour"},
{"query": "Napolitana", "nombre": "Napolitanas rellenas de crema Classic' Carrefour 320 g.", "imagen_src": "https://static.carrefour.es/hd_350x_/img_pim_food/752846_00_1.jpg", "precio_peso": "4,84 \u20ac/kg", "precio": "1,55 \u20ac", "oferta": "", "supermercado": "Carrefour"},
{"query": "Napolitana", "nombre": "", "imagen_src": "https://static.carrefour.es/hd_350x_/img_pim_food/354680_00_1.jpg", "precio_peso": "", "precio": "2,85 \u20ac", "oferta": "", "supermercado": "Carrefour"},
{"query": "Napolitana", "nombre": "", "imagen_src": "https://static.carrefour.es/hd_350x_/img_pim_food/873524_00_1.jpg", "precio_peso": "", "precio": "2,75 \u20ac", "oferta": "", "supermercado": "Carrefour"},
],
[
],
[
{"query": "Pan blanco barra", "nombre": "Panel Calefactor De Cristal Templado - 2000w - Color Blanco - 2 Potencias - Control Tactil - Pantalla Led - Sistema De Seguridad - Termostato Ajustable - Universal Blue", "imagen_src": "https://static.carrefour.es/hd_350x_/imagenes/products/84365/89070/561/8436589070561/imagenGrande1.jpg", "precio_peso": "", "precio": "85 \u20ac", "oferta": "", "supermercado": "Carrefour"},
{"query": "Pan blanco barra", "nombre": "Proyector Wifi Picasso Prixton 9000 Lumenes (pantalla 100\") - Full Hd - Led - Blanco", "imagen_src": "https://static.carrefour.es/hd_350x_/imagenes/products/84360/42557/103/8436042557103/imagenGrande1.jpg", "precio_peso": "", "precio": "159,95 \u20ac", "oferta": "", "supermercado": "Carrefour"},
{"query": "Pan blanco barra", "nombre": "Haverland Christa-20 | Radiador Convector Electrico Portatil | 2000w | Diseno Moderno | Placa De Cristal | Programacion Individual 7 Dias | Touch Control | Pantalla Lcd | Mando A Distancia | Temporizador 24h | Blanco", "imagen_src": "https://static.carrefour.es/hd_350x_/imagenes/products/84230/55007/046/8423055007046/imagenGrande1.jpg", "precio_peso": "", "precio": "239 \u20ac", "oferta": "", "supermercado": "Carrefour"},
{"query": "Pan blanco barra", "nombre": "Pulsioximetro Digital De Dedo | Con Pantalla Oled, Frecuencia Cardiaca Y Onda Plestimografica | Color Blanco | Mobiclinic", "imagen_src": "https://static.carrefour.es/hd_350x_/imagenes/products/84360/36555/351/8436036555351/imagenGrande1.jpg", "precio_peso": "", "precio": "172,95 \u20ac", "oferta": "", "supermercado": "Carrefour"},
{"query": "Pan blanco barra", "nombre": "Panel Calefactor De Cristal Templado - 1500w - Color Blanco - 2 Potencias - Control Tactil - Pantalla Led - Sistema De Seguridad - Termostato Ajustable - Universal Blue", "imagen_src": "https://static.carrefour.es/hd_350x_/imagenes/products/84365/89070/554/8436589070554/imagenGrande1.jpg", "precio_peso": "", "precio": "75 \u20ac", "oferta": "", "supermercado": "Carrefour"},
{"query": "Pan blanco barra", "nombre": "Sujetador Blanco Con Aros 100% Algodon Dim", "imagen_src": "https://static.carrefour.es/hd_350x_/imagenes/products/30405/24067/056/3040524067056/imagenGrande1.jpg", "precio_peso": "", "precio": "26,90 \u20ac", "oferta": "", "supermercado": "Carrefour"},
],
[
{"query": "Lenteja", "nombre": "Lentejas cocidas Carrefour 400 g.", "imagen_src": "https://static.carrefour.es/hd_350x_/img_pim_food/686242_00_1.jpg", "precio_peso": "2,07 \u20ac/kg", "precio": "0,83 \u20ac", "oferta": "", "supermercado": "Carrefour"},
{"query": "Lenteja", "nombre": "Lenteja pardina categoria extra Carrefour 1 kg.", "imagen_src": "https://static.carrefour.es/hd_350x_/img_pim_food/645734_00_1.jpg", "precio_peso": "1,75 \u20ac/kg", "precio": "1,75 \u20ac", "oferta": "", "supermercado": "Carrefour"},
{"query": "Lenteja", "nombre": "Lenteja pardina categoria extra Luengo 1 kg.", "imagen_src": "https://static.carrefour.es/hd_350x_/img_pim_food/097243_00_1.jpg", "precio_peso": "3,43 \u20ac/kg", "precio": "3,43 \u20ac", "oferta": "", "supermercado": "Carrefour"},
{"query": "Lenteja", "nombre": "Lenteja cocida categoria extra Luengo 400 g.", "imagen_src": "https://static.carrefour.es/hd_350x_/img_pim_food/032626_00_1.jpg", "precio_peso": "2,75 \u20ac/kg", "precio": "1,10 \u20ac", "oferta": "", "supermercado": "Carrefour"},
{"query": "Lenteja", "nombre": "", "imagen_src": "https://static.carrefour.es/hd_350x_/img_pim_food/709624_00_1.jpg", "precio_peso": "", "precio": "", "oferta": "", "supermercado": "Carrefour"},
{"query": "Lenteja", "nombre": "", "imagen_src": "https://static.carrefour.es/hd_350x_/img_pim_food/180435_00_1.jpg", "precio_peso": "", "precio": "", "oferta": "", "supermercado": "Carrefour"},
],
[
],
[
{"query": "Pan de avena", "nombre": "Tostadas de avena sin azucar Diat Radisson 100 g.", "imagen_src": "https://static.carrefour.es/hd_350x_/img_pim_food/669112_00_1.jpg", "precio_peso": "18,90 \u20ac/kg", "precio": "1,89 \u20ac", "oferta": "", "supermercado": "Carrefour"},
],
[
{"query": "Zumo de pi\u00f1a y uva", "nombre": "Zumo de pina, manzana y uva Carrefour pack de 6 briks de 20 cl.", "imagen_src": "https://static.carrefour.es/hd_350x_/img_pim_food/703538_00_1.jpg", "precio_peso": "0,83 \u20ac/l", "precio": "0,99 \u20ac", "oferta": "", "supermercado": "Carrefour"},
{"query": "Zumo de pi\u00f1a y uva", "nombre": "Zumo de pina, manzana y uva Don Simon pack de 6 briks de 20 cl.", "imagen_src": "https://static.carrefour.es/hd_350x_/img_pim_food/501004_00_1.jpg", "precio_peso": "1,45 \u20ac/l", "precio": "1,74 \u20ac", "oferta": "", "supermercado": "Carrefour"},
],
[
{"query": "Ri\u00f1\u00f3n de ternera", "nombre": "Empanada de ternera y rinones Pukka Pies 250 g.", "imagen_src": "https://static.carrefour.es/hd_350x_/img_pim_food/819597_00_1.jpg", "precio_peso": "13,80 \u20ac/kg", "precio": "3,45 \u20ac", "oferta": "", "supermercado": "Carrefour"},
],
[
{"query": "Pan de cebada", "nombre": "Cinco Panes De Cebada", "imagen_src": "https://static.carrefour.es/hd_350x_/imagenes/products/97884/13921/907/9788413921907/imagenGrande1.jpg", "precio_peso": "", "precio": "10,40 \u20ac", "oferta": "", "supermercado": "Carrefour"},
],
[
{"query": "Pan de ma\u00edz", "nombre": "Pan de molde de maiz y semillas de girasol 400 g", "imagen_src": "https://static.carrefour.es/hd_350x_/img_pim_food/504081_00_1.jpg", "precio_peso": "4,72 \u20ac/kg", "precio": "1,89 \u20ac", "oferta": "", "supermercado": "Carrefour"},
{"query": "Pan de ma\u00edz", "nombre": "Pan campana de maiz 1 ud", "imagen_src": "https://static.carrefour.es/hd_350x_/img_pim_food/315923_00_1.jpg", "precio_peso": "8,06 \u20ac/kg", "precio": "2,50 \u20ac", "oferta": "", "supermercado": "Carrefour"},
{"query": "Pan de ma\u00edz", "nombre": "Tortillas de maiz Carrefour Sensation sin gluten 10 ud.", "imagen_src": "https://static.carrefour.es/hd_350x_/img_pim_food/696573_00_1.jpg", "precio_peso": "7,96 \u20ac/kg", "precio": "1,99 \u20ac", "oferta": "", "supermercado": "Carrefour"},
{"query": "Pan de ma\u00edz", "nombre": "Tortillas de trigo y maiz Carrefour Sensation sin aceite de palma 10 ud.", "imagen_src": "https://static.carrefour.es/hd_350x_/img_pim_food/696552_00_1.jpg", "precio_peso": "4,52 \u20ac/kg", "precio": "1,81 \u20ac", "oferta": "", "supermercado": "Carrefour"},
{"query": "Pan de ma\u00edz", "nombre": "", "imagen_src": "https://static.carrefour.es/hd_350x_/img_pim_food/959717_00_1.jpg", "precio_peso": "", "precio": "", "oferta": "", "supermercado": "Carrefour"},
{"query": "Pan de ma\u00edz", "nombre": "", "imagen_src": "https://static.carrefour.es/hd_350x_/img_pim_food/666274_00_1.jpg", "precio_peso": "", "precio": "2,99 \u20ac", "oferta": "", "supermercado": "Carrefour"},
],
[
{"query": "Pasta con huevo", "nombre": "Pasta fresca al huevo rellena carme Simpl 250 g.", "imagen_src": "https://static.carrefour.es/hd_350x_/img_pim_food/747684_00_1.jpg", "precio_peso": "5,96 \u20ac/kg", "precio": "1,49 \u20ac", "oferta": "", "supermercado": "Carrefour"},
{"query": "Pasta con huevo", "nombre": "Ravioli de ricotta y espinacas al huevo Carrefour 250 g.", "imagen_src": "https://static.carrefour.es/hd_350x_/img_pim_food/831739_00_1.jpg", "precio_peso": "6,60 \u20ac/kg", "precio": "1,65 \u20ac", "oferta": "", "supermercado": "Carrefour"},
{"query": "Pasta con huevo", "nombre": "Ravioli de tomate y mozzarella al huevo Carrefour 250 g.", "imagen_src": "https://static.carrefour.es/hd_350x_/img_pim_food/830109_00_1.jpg", "precio_peso": "6,60 \u20ac/kg", "precio": "1,65 \u20ac", "oferta": "", "supermercado": "Carrefour"},
{"query": "Pasta con huevo", "nombre": "Tagliatelle al huevo Carrefour Extra 250 g.", "imagen_src": "https://static.carrefour.es/hd_350x_/img_pim_food/840574_00_1.jpg", "precio_peso": "4,36 \u20ac/kg", "precio": "1,09 \u20ac", "oferta": "", "supermercado": "Carrefour"},
{"query": "Pasta con huevo", "nombre": "", "imagen_src": "https://static.carrefour.es/hd_350x_/img_pim_food/956036_00_1.jpg", "precio_peso": "2,40 \u20ac/kg", "precio": "1,20 \u20ac", "oferta": "", "supermercado": "Carrefour"},
{"query": "Pasta con huevo", "nombre": "", "imagen_src": "https://static.carrefour.es/hd_350x_/img_pim_food/166340_00_1.jpg", "precio_peso": "5,18 \u20ac/kg", "precio": "2,59 \u20ac", "oferta": "", "supermercado": "Carrefour"},
],
[
{"query": "Pasta vegetales", "nombre": "Espirales vegetales Carrefour 500 g.", "imagen_src": "https://static.carrefour.es/hd_350x_/img_pim_food/228697_00_1.jpg", "precio_peso": "1,76 \u20ac/kg", "precio": "0,88 \u20ac", "oferta": "", "supermercado": "Carrefour"},
{"query": "Pasta vegetales", "nombre": "Tiburon vegetal Carrefour 500 g.", "imagen_src": "https://static.carrefour.es/hd_350x_/img_pim_food/507045_00_1.jpg", "precio_peso": "1,68 \u20ac/kg", "precio": "0,84 \u20ac", "oferta": "", "supermercado": "Carrefour"},
{"query": "Pasta vegetales", "nombre": "Macarrones rayados vegetales Carrefour 500 g.", "imagen_src": "https://static.carrefour.es/hd_350x_/img_pim_food/228702_00_1.jpg", "precio_peso": "1,86 \u20ac/kg", "precio": "0,93 \u20ac", "oferta": "", "supermercado": "Carrefour"},
{"query": "Pasta vegetales", "nombre": "Spaghetti vegetales pasta fina Gallo 400 g.", "imagen_src": "https://static.carrefour.es/hd_350x_/img_pim_food/979972_00_1.jpg", "precio_peso": "4,32 \u20ac/kg", "precio": "1,73 \u20ac", "oferta": "", "supermercado": "Carrefour"},
{"query": "Pasta vegetales", "nombre": "", "imagen_src": "https://static.carrefour.es/hd_350x_/img_pim_food/317050_00_1.jpg", "precio_peso": "2,84 \u20ac/kg", "precio": "1,92 \u20ac", "oferta": "", "supermercado": "Carrefour"},
{"query": "Pasta vegetales", "nombre": "", "imagen_src": "https://static.carrefour.es/hd_350x_/img_pim_food/594205_00_1.jpg", "precio_peso": "4,42 \u20ac/kg", "precio": "1,99 \u20ac", "oferta": "", "supermercado": "Carrefour"},
],
[
{"query": "Pasta integral", "nombre": "Espaguetis integrales Carrefour 500 g.", "imagen_src": "https://static.carrefour.es/hd_350x_/img_pim_food/447234_00_1.jpg", "precio_peso": "1,64 \u20ac/kg", "precio": "0,82 \u20ac", "oferta": "", "supermercado": "Carrefour"},
{"query": "Pasta integral", "nombre": "Fusilli integral Barilla 500 g.", "imagen_src": "https://static.carrefour.es/hd_350x_/img_pim_food/236939_00_1.jpg", "precio_peso": "3,90 \u20ac/kg", "precio": "1,95 \u20ac", "oferta": "", "supermercado": "Carrefour"},
{"query": "Pasta integral", "nombre": "Pennette rigate integral Barilla 500 g.", "imagen_src": "https://static.carrefour.es/hd_350x_/img_pim_food/671025_00_1.jpg", "precio_peso": "3,90 \u20ac/kg", "precio": "1,95 \u20ac", "oferta": "", "supermercado": "Carrefour"},
{"query": "Pasta integral", "nombre": "Spaghetti integral Barilla 500 g.", "imagen_src": "https://static.carrefour.es/hd_350x_/img_pim_food/642983_00_1.jpg", "precio_peso": "3,90 \u20ac/kg", "precio": "1,95 \u20ac", "oferta": "", "supermercado": "Carrefour"},
{"query": "Pasta integral", "nombre": "", "imagen_src": "https://static.carrefour.es/hd_350x_/img_pim_food/208992_00_1.jpg", "precio_peso": "", "precio": "1,72 \u20ac", "oferta": "", "supermercado": "Carrefour"},
{"query": "Pasta integral", "nombre": "", "imagen_src": "https://static.carrefour.es/hd_350x_/img_pim_food/474670_00_1.jpg", "precio_peso": "", "precio": "0,99 \u20ac", "oferta": "", "supermercado": "Carrefour"},
],
[
],
[
{"query": "Pasta integral", "nombre": "Espaguetis integrales Carrefour 500 g.", "imagen_src": "https://static.carrefour.es/hd_350x_/img_pim_food/447234_00_1.jpg", "precio_peso": "1,64 \u20ac/kg", "precio": "0,82 \u20ac", "oferta": "", "supermercado": "Carrefour"},
{"query": "Pasta integral", "nombre": "Fusilli integral Barilla 500 g.", "imagen_src": "https://static.carrefour.es/hd_350x_/img_pim_food/236939_00_1.jpg", "precio_peso": "3,90 \u20ac/kg", "precio": "1,95 \u20ac", "oferta": "", "supermercado": "Carrefour"},
{"query": "Pasta integral", "nombre": "Pennette rigate integral Barilla 500 g.", "imagen_src": "https://static.carrefour.es/hd_350x_/img_pim_food/671025_00_1.jpg", "precio_peso": "3,90 \u20ac/kg", "precio": "1,95 \u20ac", "oferta": "", "supermercado": "Carrefour"},
{"query": "Pasta integral", "nombre": "Spaghetti integral Barilla 500 g.", "imagen_src": "https://static.carrefour.es/hd_350x_/img_pim_food/642983_00_1.jpg", "precio_peso": "3,90 \u20ac/kg", "precio": "1,95 \u20ac", "oferta": "", "supermercado": "Carrefour"},
{"query": "Pasta integral", "nombre": "", "imagen_src": "https://static.carrefour.es/hd_350x_/img_pim_food/208992_00_1.jpg", "precio_peso": "", "precio": "1,72 \u20ac", "oferta": "", "supermercado": "Carrefour"},
{"query": "Pasta integral", "nombre": "", "imagen_src": "https://static.carrefour.es/hd_350x_/img_pim_food/474670_00_1.jpg", "precio_peso": "", "precio": "0,99 \u20ac", "oferta": "", "supermercado": "Carrefour"},
],
[
{"query": "Pasta rellena", "nombre": "Pasta fresca al huevo rellena carme Simpl 250 g.", "imagen_src": "https://static.carrefour.es/hd_350x_/img_pim_food/747684_00_1.jpg", "precio_peso": "5,96 \u20ac/kg", "precio": "1,49 \u20ac", "oferta": "", "supermercado": "Carrefour"},
{"query": "Pasta rellena", "nombre": "Surtido de pastas de te rellenas 320 g", "imagen_src": "https://static.carrefour.es/hd_350x_/img_pim_food/493012_00_1.jpg", "precio_peso": "14,06 \u20ac/kg", "precio": "4,50 \u20ac", "oferta": "", "supermercado": "Carrefour"},
{"query": "Pasta rellena", "nombre": "Pasta fresca soles con queso mascarpone y trufa Recetas Gallo 250 g.", "imagen_src": "https://static.carrefour.es/hd_350x_/img_pim_food/234380_00_1.jpg", "precio_peso": "13 \u20ac/kg", "precio": "3,25 \u20ac", "oferta": "", "supermercado": "Carrefour"},
{"query": "Pasta rellena", "nombre": "Ravioli de tomate y mozzarella al huevo Carrefour 250 g.", "imagen_src": "https://static.carrefour.es/hd_350x_/img_pim_food/830109_00_1.jpg", "precio_peso": "6,60 \u20ac/kg", "precio": "1,65 \u20ac", "oferta": "", "supermercado": "Carrefour"},
{"query": "Pasta rellena", "nombre": "", "imagen_src": "https://static.carrefour.es/hd_350x_/img_pim_food/830110_00_1.jpg", "precio_peso": "", "precio": "2,29 \u20ac", "oferta": "", "supermercado": "Carrefour"},
{"query": "Pasta rellena", "nombre": "", "imagen_src": "https://static.carrefour.es/hd_350x_/img_pim_food/002312_00_1.jpg", "precio_peso": "", "precio": "1,99 \u20ac", "oferta": "", "supermercado": "Carrefour"},
],
[
{"query": "Pastel de manzana", "nombre": "Harina De Avena Instantanea 2.0 3kg Pastel De Manzana- Hsn", "imagen_src": "https://static.carrefour.es/hd_350x_/imagenes/products/50563/29502/881/5056329502881/imagenGrande1.jpg", "precio_peso": "", "precio": "15,90 \u20ac", "oferta": "", "supermercado": "Carrefour"},
{"query": "Pastel de manzana", "nombre": "Harina De Avena Instantanea 2.0 1kg Pastel De Manzana- Hsn", "imagen_src": "https://static.carrefour.es/hd_350x_/imagenes/products/50563/29502/911/5056329502911/imagenGrande1.jpg", "precio_peso": "", "precio": "6,90 \u20ac", "oferta": "", "supermercado": "Carrefour"},
{"query": "Pastel de manzana", "nombre": "Edding Rotulador Punta De Fibra 1200 Pastel Sorbete De Manzan -10ud-", "imagen_src": "https://static.carrefour.es/hd_350x_/imagenes/products/40573/05020/628/4057305020628/imagenGrande1.jpg", "precio_peso": "", "precio": "9,94 \u20ac", "oferta": "", "supermercado": "Carrefour"},
{"query": "Pastel de manzana", "nombre": "Tarta de Manzana Redonda 500 g", "imagen_src": "https://static.carrefour.es/hd_350x_/img_pim_food/284447_00_1.jpg", "precio_peso": "8,40 \u20ac/kg", "precio": "4,20 \u20ac", "oferta": "", "supermercado": "Carrefour"},
{"query": "Pastel de manzana", "nombre": "", "imagen_src": "https://static.carrefour.es/hd_350x_/img_pim_food/413721_00_1.jpg", "precio_peso": "", "precio": "", "oferta": "", "supermercado": "Carrefour"},
{"query": "Pastel de manzana", "nombre": "", "imagen_src": "https://static.carrefour.es/hd_350x_/img_pim_food/790080_00_1.jpg", "precio_peso": "", "precio": "", "oferta": "", "supermercado": "Carrefour"},
],
[
{"query": "Zumo de pomelo", "nombre": "Zumo de pomelo Carrefour brik 1 l.", "imagen_src": "https://static.carrefour.es/hd_350x_/img_pim_food/584595_00_1.jpg", "precio_peso": "1,30 \u20ac/l", "precio": "1,30 \u20ac", "oferta": "", "supermercado": "Carrefour"},
{"query": "Zumo de pomelo", "nombre": "Nectar de pomelo rosa Granini Seleccion botella 1 l.", "imagen_src": "https://static.carrefour.es/hd_350x_/img_pim_food/151649_00_1.jpg", "precio_peso": "2,45 \u20ac/l", "precio": "2,45 \u20ac", "oferta": "", "supermercado": "Carrefour"},
{"query": "Zumo de pomelo", "nombre": "Nectar de pomelo Carrefour brik 1 l.", "imagen_src": "https://static.carrefour.es/hd_350x_/img_pim_food/760584_00_1.jpg", "precio_peso": "1,36 \u20ac/l", "precio": "1,36 \u20ac", "oferta": "", "supermercado": "Carrefour"},
{"query": "Zumo de pomelo", "nombre": "Agua mineral Carrefour con limon y pomelo 1,5 l.", "imagen_src": "https://static.carrefour.es/hd_350x_/img_pim_food/548117_00_1.jpg", "precio_peso": "0,78 \u20ac/l", "precio": "1,17 \u20ac", "oferta": "", "supermercado": "Carrefour"},
],
[
],
[
{"query": "Zumo de mango", "nombre": "", "imagen_src": "https://static.carrefour.es/hd_350x_/img_pim_food/912946_00_1.jpg", "precio_peso": "3,65 \u20ac/l", "precio": "3,65 \u20ac", "oferta": "", "supermercado": "Carrefour"},
{"query": "Zumo de mango", "nombre": "Zumo De Mango", "imagen_src": "https://static.carrefour.es/hd_350x_/imagenes/products/97884/21659/960/9788421659960/imagenGrande1.jpg", "precio_peso": "", "precio": "9,98 \u20ac", "oferta": "", "supermercado": "Carrefour"},
{"query": "Zumo de mango", "nombre": "Nectar de mango y naranja Carrefour brik 1 l.", "imagen_src": "https://static.carrefour.es/hd_350x_/img_pim_food/865490_00_1.jpg", "precio_peso": "0,70 \u20ac/l", "precio": "0,70 \u20ac", "oferta": "", "supermercado": "Carrefour"},
{"query": "Zumo de mango", "nombre": "Bebida de naranja y mango Carrefour sin azucar anadidoes brik 1 l.", "imagen_src": "https://static.carrefour.es/hd_350x_/img_pim_food/855123_00_1.jpg", "precio_peso": "0,85 \u20ac/l", "precio": "0,85 \u20ac", "oferta": "", "supermercado": "Carrefour"},
{"query": "Zumo de mango", "nombre": "", "imagen_src": "https://static.carrefour.es/hd_350x_/img_pim_food/497349_00_1.jpg", "precio_peso": "", "precio": "1,53 \u20ac", "oferta": "", "supermercado": "Carrefour"},
{"query": "Zumo de mango", "nombre": "", "imagen_src": "https://static.carrefour.es/hd_350x_/img_pim_food/578431_00_1.jpg", "precio_peso": "", "precio": "2,39 \u20ac", "oferta": "", "supermercado": "Carrefour"},
],
[
],
[
{"query": "Quinoa", "nombre": "Quinoa blanca ecologica Carrefour Bio 400 g.", "imagen_src": "https://static.carrefour.es/hd_350x_/img_pim_food/163347_00_1.jpg", "precio_peso": "5,37 \u20ac/kg", "precio": "2,15 \u20ac", "oferta": "", "supermercado": "Carrefour"},
{"query": "Quinoa", "nombre": "Quinoa blanca y roja Brillante pack de 2 unidades de 125 g.", "imagen_src": "https://static.carrefour.es/hd_350x_/img_pim_food/970426_00_1.jpg", "precio_peso": "5,44 \u20ac/kg", "precio": "1,36 \u20ac", "oferta": "", "supermercado": "Carrefour"},
{"query": "Quinoa", "nombre": "Quinoa blanca microondas Carrefour pack de 2 ud. de 125 g.", "imagen_src": "https://static.carrefour.es/hd_350x_/img_pim_food/010190_00_1.jpg", "precio_peso": "5,24 \u20ac/kg", "precio": "1,31 \u20ac", "oferta": "", "supermercado": "Carrefour"},
{"query": "Quinoa", "nombre": "Quinoa Real blanca y roja para microondas ecologica Carrefour Bio pack de 2 unidades de 125 g.", "imagen_src": "https://static.carrefour.es/hd_350x_/img_pim_food/652928_00_1.jpg", "precio_peso": "5,96 \u20ac/kg", "precio": "1,49 \u20ac", "oferta": "", "supermercado": "Carrefour"},
{"query": "Quinoa", "nombre": "", "imagen_src": "https://static.carrefour.es/hd_350x_/img_pim_food/010174_00_1.jpg", "precio_peso": "", "precio": "", "oferta": "", "supermercado": "Carrefour"},
{"query": "Quinoa", "nombre": "", "imagen_src": "https://static.carrefour.es/hd_350x_/img_pim_food/718840_00_1.jpg", "precio_peso": "", "precio": "", "oferta": "", "supermercado": "Carrefour"},
],
[
{"query": "S\u00e9mola de trigo", "nombre": "", "imagen_src": "https://static.carrefour.es/hd_350x_/imagenes/products/84210/29156/745/8421029156745/imagenGrande1.jpg", "precio_peso": "", "precio": "9,76 \u20ac", "oferta": "", "supermercado": "Carrefour"},
{"query": "S\u00e9mola de trigo", "nombre": "Aspirador sin bolsa Solac AS3266", "imagen_src": "https://static.carrefour.es/hd_350x_/crs/cdn_static/catalog/hd/757590_00_1.jpg", "precio_peso": "", "precio": "129 \u20ac", "oferta": "", "supermercado": "Carrefour"},
{"query": "S\u00e9mola de trigo", "nombre": "Aspirador sin Bolsa Solac Multicyclonic AS3252", "imagen_src": "https://static.carrefour.es/hd_350x_/crs/cdn_static/catalog/hd/121653_00_1.jpg", "precio_peso": "", "precio": "97,65 \u20ac", "oferta": "", "supermercado": "Carrefour"},
{"query": "S\u00e9mola de trigo", "nombre": "Aspirador sin bolsa Solac AS3102 Brave", "imagen_src": "https://static.carrefour.es/hd_350x_/crs/cdn_static/catalog/hd/131820_00_1.jpg", "precio_peso": "", "precio": "99 \u20ac", "oferta": "", "supermercado": "Carrefour"},
{"query": "S\u00e9mola de trigo", "nombre": "Aspirador Solac Enara 600 W-as3103 Sin Bolsa - 600 W - Clase Energetica: Aaa - Negro Y Naranja", "imagen_src": "https://static.carrefour.es/hd_350x_/imagenes/products/84337/66481/035/8433766481035/imagenGrande1.jpg", "precio_peso": "", "precio": "74,19 \u20ac", "oferta": "", "supermercado": "Carrefour"},
{"query": "S\u00e9mola de trigo", "nombre": "Aspirador sin Bolsa Solac AS3192", "imagen_src": "https://static.carrefour.es/hd_350x_/crs/cdn_static/catalog/hd/895530_00_1.jpg", "precio_peso": "", "precio": "93,70 \u20ac", "oferta": "", "supermercado": "Carrefour"},
],
[
{"query": "Sobao", "nombre": "", "imagen_src": "https://static.carrefour.es/hd_350x_/img_pim_food/460267_00_1.jpg", "precio_peso": "3,56 \u20ac/kg", "precio": "2,49 \u20ac", "oferta": "", "supermercado": "Carrefour"},
{"query": "Sobao", "nombre": "Sobaos mini Classic' Carrefour 340 g.", "imagen_src": "https://static.carrefour.es/hd_350x_/img_pim_food/456164_00_1.jpg", "precio_peso": "3,74 \u20ac/kg", "precio": "1,27 \u20ac", "oferta": "", "supermercado": "Carrefour"},
{"query": "Sobao", "nombre": "Sobaos La Bella Easo 490 g.", "imagen_src": "https://static.carrefour.es/hd_350x_/img_pim_food/731247_00_1.jpg", "precio_peso": "7,73 \u20ac/kg", "precio": "3,79 \u20ac", "oferta": "", "supermercado": "Carrefour"},
{"query": "Sobao", "nombre": "Nuez Pecana Natural Troceada 200g Nut&me - Crujiente / Sin Gluten", "imagen_src": "https://static.carrefour.es/hd_350x_/imagenes/products/84452/25112/220/8445225112220/imagenGrande1.jpg", "precio_peso": "", "precio": "3,99 \u20ac", "oferta": "", "supermercado": "Carrefour"},
{"query": "Sobao", "nombre": "", "imagen_src": "https://static.carrefour.es/hd_350x_/imagenes/products/84452/25126/203/8445225126203/imagenGrande1.jpg", "precio_peso": "", "precio": "", "oferta": "", "supermercado": "Carrefour"},
{"query": "Sobao", "nombre": "", "imagen_src": "https://static.carrefour.es/hd_350x_/imagenes/products/84370/02932/879/8437002932879/imagenGrande1.jpg", "precio_peso": "", "precio": "", "oferta": "", "supermercado": "Carrefour"},
],
[
],
[
{"query": "Trigo", "nombre": "Triga Tinto 2017", "imagen_src": "https://static.carrefour.es/hd_350x_/img_pim_food/420494_00_2_Bodega.jpg", "precio_peso": "29,90 \u20ac/ud", "precio": "29,90 \u20ac", "oferta": "", "supermercado": "Carrefour"},
{"query": "Trigo", "nombre": "Trigo hinchado con miel ecologico Carrefour Bio 375 g.", "imagen_src": "https://static.carrefour.es/hd_350x_/img_pim_food/659708_00_1.jpg", "precio_peso": "8,67 \u20ac/kg", "precio": "3,25 \u20ac", "oferta": "", "supermercado": "Carrefour"},
{"query": "Trigo", "nombre": "Pan de trigo sarraceno 5% 1 ud", "imagen_src": "https://static.carrefour.es/hd_350x_/img_pim_food/315948_00_1.jpg", "precio_peso": "2,50 \u20ac/ud", "precio": "2,50 \u20ac", "oferta": "", "supermercado": "Carrefour"},
{"query": "Trigo", "nombre": "Tortillas de trigo integral Carrefour Sensation sin aceite de palma 10 ud.", "imagen_src": "https://static.carrefour.es/hd_350x_/img_pim_food/696543_00_1.jpg", "precio_peso": "4,25 \u20ac/kg", "precio": "1,70 \u20ac", "oferta": "", "supermercado": "Carrefour"},
{"query": "Trigo", "nombre": "", "imagen_src": "https://static.carrefour.es/hd_350x_/img_pim_food/696552_00_1.jpg", "precio_peso": "", "precio": "1,81 \u20ac", "oferta": "", "supermercado": "Carrefour"},
{"query": "Trigo", "nombre": "", "imagen_src": "https://static.carrefour.es/hd_350x_/img_pim_food/779757_00_1.jpg", "precio_peso": "", "precio": "2,59 \u20ac", "oferta": "", "supermercado": "Carrefour"},
],
[
{"query": "Zumo de lima", "nombre": "Agua mineral con gas Perrier sabor lima 50 cl.", "imagen_src": "https://static.carrefour.es/hd_350x_/img_pim_food/051367_00_1.jpg", "precio_peso": "1,98 \u20ac/l", "precio": "0,99 \u20ac", "oferta": "", "supermercado": "Carrefour"},
{"query": "Zumo de lima", "nombre": "Moon Water Lima-Jengibre ecologico sin gluten lata 33 cl.", "imagen_src": "https://static.carrefour.es/hd_350x_/img_pim_food/730886_00_1.jpg", "precio_peso": "4,09 \u20ac/l", "precio": "1,35 \u20ac", "oferta": "", "supermercado": "Carrefour"},
],
[
],
[
],
[
{"query": "Vodka", "nombre": "Vodka Absolut 1 l.", "imagen_src": "https://static.carrefour.es/hd_350x_/img_pim_food/407316_00_1.jpg", "precio_peso": "15,01 \u20ac/l", "precio": "15,01 \u20ac", "oferta": "", "supermercado": "Carrefour"},
{"query": "Vodka", "nombre": "Vodka Vikoroff 70 cl.", "imagen_src": "https://static.carrefour.es/hd_350x_/img_pim_food/579658_00_1.jpg", "precio_peso": "6,21 \u20ac/l", "precio": "4,35 \u20ac", "oferta": "", "supermercado": "Carrefour"},
{"query": "Vodka", "nombre": "Vodka Smirnoff 70 cl.", "imagen_src": "https://static.carrefour.es/hd_350x_/img_pim_food/000335_00_1.jpg", "precio_peso": "14,99 \u20ac/l", "precio": "10,49 \u20ac", "oferta": "", "supermercado": "Carrefour"},
{"query": "Vodka", "nombre": "Vodka Absolut 70 cl.", "imagen_src": "https://static.carrefour.es/hd_350x_/img_pim_food/029257_00_1.jpg", "precio_peso": "18,14 \u20ac/l", "precio": "12,70 \u20ac", "oferta": "", "supermercado": "Carrefour"},
{"query": "Vodka", "nombre": "", "imagen_src": "https://static.carrefour.es/hd_350x_/img_pim_food/512420_00_1.jpg", "precio_peso": "", "precio": "", "oferta": "", "supermercado": "Carrefour"},
{"query": "Vodka", "nombre": "", "imagen_src": "https://static.carrefour.es/hd_350x_/img_pim_food/270325_00_1.jpg", "precio_peso": "", "precio": "", "oferta": "", "supermercado": "Carrefour"},
],
[
{"query": "Tequila", "nombre": "Tequila Estribos blanco 70 cl.", "imagen_src": "https://static.carrefour.es/hd_350x_/img_pim_food/622676_00_1.jpg", "precio_peso": "12,43 \u20ac/l", "precio": "8,70 \u20ac", "oferta": "", "supermercado": "Carrefour"},
{"query": "Tequila", "nombre": "Tequila Jose Cuervo especial silver 70 cl.", "imagen_src": "https://static.carrefour.es/hd_350x_/img_pim_food/877844_00_1.jpg", "precio_peso": "20,70 \u20ac/l", "precio": "14,49 \u20ac", "oferta": "", "supermercado": "Carrefour"},
{"query": "Tequila", "nombre": "Tequila Jose Cuervo tradicional 70 cl.", "imagen_src": "https://static.carrefour.es/hd_350x_/img_pim_food/006339_00_1.jpg", "precio_peso": "34,86 \u20ac/l", "precio": "24,40 \u20ac", "oferta": "", "supermercado": "Carrefour"},
{"query": "Tequila", "nombre": "Tequila Jose Cuervo (70 Cl)", "imagen_src": "https://static.carrefour.es/hd_350x_/imagenes/products/54102/46171/320/5410246171320/imagenGrande1.jpg", "precio_peso": "", "precio": "29,95 \u20ac", "oferta": "", "supermercado": "Carrefour"},
{"query": "Tequila", "nombre": "", "imagen_src": "https://static.carrefour.es/hd_350x_/img_pim_food/856762_00_1.jpg", "precio_peso": "18,26 \u20ac/l", "precio": "18,26 \u20ac", "oferta": "", "supermercado": "Carrefour"},
{"query": "Tequila", "nombre": "", "imagen_src": "https://static.carrefour.es/hd_350x_/img_pim_food/097048_00_2_Bodega.jpg", "precio_peso": "82,50 \u20ac/l", "precio": "57,75 \u20ac", "oferta": "", "supermercado": "Carrefour"},
],
[
{"query": "T\u00e9", "nombre": "Te de limon zero Carrefour botella 1 l.", "imagen_src": "https://static.carrefour.es/hd_350x_/img_pim_food/546419_00_1.jpg", "precio_peso": "0,54 \u20ac/l", "precio": "0,54 \u20ac", "oferta": "", "supermercado": "Carrefour"},
{"query": "T\u00e9", "nombre": "Carrefour te sabor melocoton zero 1 l.", "imagen_src": "https://static.carrefour.es/hd_350x_/img_pim_food/547114_00_1.jpg", "precio_peso": "0,54 \u20ac/l", "precio": "0,54 \u20ac", "oferta": "", "supermercado": "Carrefour"},
{"query": "T\u00e9", "nombre": "Te en bolsitas Pg Tips 80 ud.", "imagen_src": "https://static.carrefour.es/hd_350x_/img_pim_food/261248_00_1.jpg", "precio_peso": "12,96 \u20ac/kg", "precio": "3,24 \u20ac", "oferta": "", "supermercado": "Carrefour"},
{"query": "T\u00e9", "nombre": "Te English Breakfast en bolsitas Twinings 25 ud.", "imagen_src": "https://static.carrefour.es/hd_350x_/img_pim_food/052111_00_1.jpg", "precio_peso": "95 \u20ac/kg", "precio": "4,75 \u20ac", "oferta": "", "supermercado": "Carrefour"},
{"query": "T\u00e9", "nombre": "", "imagen_src": "https://static.carrefour.es/hd_350x_/img_pim_food/853585_00_1.jpg", "precio_peso": "", "precio": "", "oferta": "", "supermercado": "Carrefour"},
{"query": "T\u00e9", "nombre": "", "imagen_src": "https://static.carrefour.es/hd_350x_/img_pim_food/032806_00_1.jpg", "precio_peso": "", "precio": "", "oferta": "", "supermercado": "Carrefour"},
],
[
{"query": "Whisky", "nombre": "Whisky Westerly 70 cl.", "imagen_src": "https://static.carrefour.es/hd_350x_/img_pim_food/468665_00_1.jpg", "precio_peso": "7,13 \u20ac/l", "precio": "4,99 \u20ac", "oferta": "", "supermercado": "Carrefour"},
{"query": "Whisky", "nombre": "Whisky Johnnie Walker escoces 1 l.", "imagen_src": "https://static.carrefour.es/hd_350x_/img_pim_food/235430_00_1.jpg", "precio_peso": "17,96 \u20ac/l", "precio": "17,96 \u20ac", "oferta": "", "supermercado": "Carrefour"},
{"query": "Whisky", "nombre": "Whisky J&B escoces 1 l.", "imagen_src": "https://static.carrefour.es/hd_350x_/img_pim_food/235444_00_1.jpg", "precio_peso": "15,07 \u20ac/l", "precio": "15,07 \u20ac", "oferta": "", "supermercado": "Carrefour"},
{"query": "Whisky", "nombre": "Glenfiddich Whisky", "imagen_src": "https://static.carrefour.es/hd_350x_/img_pim_food/000316_00_2_Bodega.jpg", "precio_peso": "47 \u20ac/l", "precio": "32,90 \u20ac", "oferta": "", "supermercado": "Carrefour"},
{"query": "Whisky", "nombre": "", "imagen_src": "https://static.carrefour.es/hd_350x_/img_pim_food/831376_00_2_Bodega.jpg", "precio_peso": "", "precio": "", "oferta": "", "supermercado": "Carrefour"},
{"query": "Whisky", "nombre": "", "imagen_src": "https://static.carrefour.es/hd_350x_/img_pim_food/000312_00_1.jpg", "precio_peso": "", "precio": "", "oferta": "", "supermercado": "Carrefour"},
],
[
{"query": "Vino espumoso", "nombre": "Vino espumoso rosado Vegaverde 75 cl.", "imagen_src": "https://static.carrefour.es/hd_350x_/img_pim_food/018545_00_1.jpg", "precio_peso": "2,09 \u20ac/ud", "precio": "2,09 \u20ac", "oferta": "", "supermercado": "Carrefour"},
{"query": "Vino espumoso", "nombre": "Vino espumoso blanco moscato Aroma de Cuore 75 cl.", "imagen_src": "https://static.carrefour.es/hd_350x_/img_pim_food/722596_00_1.jpg", "precio_peso": "3,09 \u20ac/ud", "precio": "3,09 \u20ac", "oferta": "", "supermercado": "Carrefour"},
{"query": "Vino espumoso", "nombre": "Vino espumoso blanco Vegaverde botella 75 cl.", "imagen_src": "https://static.carrefour.es/hd_350x_/img_pim_food/018546_00_1.jpg", "precio_peso": "2,09 \u20ac/ud", "precio": "2,09 \u20ac", "oferta": "", "supermercado": "Carrefour"},
{"query": "Vino espumoso", "nombre": "Vino Sandara espumoso blanco 25 cl.", "imagen_src": "https://static.carrefour.es/hd_350x_/img_pim_food/476676_00_1.jpg", "precio_peso": "1,57 \u20ac/ud", "precio": "1,57 \u20ac", "oferta": "", "supermercado": "Carrefour"},
{"query": "Vino espumoso", "nombre": "", "imagen_src": "https://static.carrefour.es/hd_350x_/img_pim_food/384310_00_1.jpg", "precio_peso": "", "precio": "", "oferta": "", "supermercado": "Carrefour"},
{"query": "Vino espumoso", "nombre": "", "imagen_src": "https://static.carrefour.es/hd_350x_/imagenes/products/84244/87400/092/8424487400092/imagenGrande1.jpg", "precio_peso": "", "precio": "", "oferta": "", "supermercado": "Carrefour"},
],
[
{"query": "Cerveza doble", "nombre": "Cerveza Voll Damm doble malta pack de 12 latas de 33 cl.", "imagen_src": "https://static.carrefour.es/hd_350x_/img_pim_food/583640_00_1.jpg", "precio_peso": "2,53 \u20ac/l", "precio": "10,01 \u20ac", "oferta": "", "supermercado": "Carrefour"},
{"query": "Cerveza doble", "nombre": "Cerveza Voll Damm doble malta pack de 12 botellas de 25 cl.", "imagen_src": "https://static.carrefour.es/hd_350x_/img_pim_food/914906_00_1.jpg", "precio_peso": "3,06 \u20ac/l", "precio": "9,19 \u20ac", "oferta": "", "supermercado": "Carrefour"},
{"query": "Cerveza doble", "nombre": "Cerveza Voll Damm doble malta pack de 6 botellas de 25 cl.", "imagen_src": "https://static.carrefour.es/hd_350x_/img_pim_food/026482_00_1.jpg", "precio_peso": "3,13 \u20ac/l", "precio": "4,69 \u20ac", "oferta": "", "supermercado": "Carrefour"},
{"query": "Cerveza doble", "nombre": "Cerveza Grimbergen doble ambree botella 33 cl.", "imagen_src": "https://static.carrefour.es/hd_350x_/img_pim_food/008691_00_1.jpg", "precio_peso": "5,42 \u20ac/l", "precio": "1,79 \u20ac", "oferta": "", "supermercado": "Carrefour"},
{"query": "Cerveza doble", "nombre": "", "imagen_src": "https://static.carrefour.es/hd_350x_/img_pim_food/322750_00_1.jpg", "precio_peso": "", "precio": "", "oferta": "", "supermercado": "Carrefour"},
{"query": "Cerveza doble", "nombre": "", "imagen_src": "https://static.carrefour.es/hd_350x_/img_pim_food/260376_00_1.jpg", "precio_peso": "", "precio": "", "oferta": "", "supermercado": "Carrefour"},
],
[
{"query": "Cerveza triple", "nombre": "Cerveza Leffe Triple botella 33 cl.", "imagen_src": "https://static.carrefour.es/hd_350x_/img_pim_food/040275_00_1.jpg", "precio_peso": "5,33 \u20ac/l", "precio": "1,76 \u20ac", "oferta": "", "supermercado": "Carrefour"},
],
[
{"query": "Cerveza sin alcohol", "nombre": "Cerveza Carrefour sin alcohol lata 33 cl.", "imagen_src": "https://static.carrefour.es/hd_350x_/img_pim_food/045339_00_1.jpg", "precio_peso": "0,76 \u20ac/l", "precio": "0,25 \u20ac", "oferta": "", "supermercado": "Carrefour"},
{"query": "Cerveza sin alcohol", "nombre": "Cerveza Mahou Sin alcohol pack de 12 latas de 33 cl.", "imagen_src": "https://static.carrefour.es/hd_350x_/img_pim_food/760654_00_1.jpg", "precio_peso": "1,69 \u20ac/l", "precio": "6,69 \u20ac", "oferta": "", "supermercado": "Carrefour"},
{"query": "Cerveza sin alcohol", "nombre": "Cerveza San Miguel 0,0 sin alcohol Lager pack de 12 latas de 33 cl.", "imagen_src": "https://static.carrefour.es/hd_350x_/img_pim_food/646833_00_1.jpg", "precio_peso": "1,69 \u20ac/l", "precio": "6,69 \u20ac", "oferta": "", "supermercado": "Carrefour"},
{"query": "Cerveza sin alcohol", "nombre": "Cerveza Estrella Galicia 0,0 sin alcohol lata 33 cl.", "imagen_src": "https://static.carrefour.es/hd_350x_/img_pim_food/358399_00_1.jpg", "precio_peso": "2,03 \u20ac/l", "precio": "0,67 \u20ac", "oferta": "", "supermercado": "Carrefour"},
{"query": "Cerveza sin alcohol", "nombre": "", "imagen_src": "https://static.carrefour.es/hd_350x_/img_pim_food/030464_00_1.jpg", "precio_peso": "", "precio": "", "oferta": "", "supermercado": "Carrefour"},
{"query": "Cerveza sin alcohol", "nombre": "", "imagen_src": "https://static.carrefour.es/hd_350x_/img_pim_food/201552_00_1.jpg", "precio_peso": "", "precio": "", "oferta": "", "supermercado": "Carrefour"},
],
[
{"query": "Champin", "nombre": "Bebida Champin espumosa sin alcohol 75 cl.", "imagen_src": "https://static.carrefour.es/hd_350x_/img_pim_food/274416_00_1.jpg", "precio_peso": "3,99 \u20ac/l", "precio": "2,99 \u20ac", "oferta": "", "supermercado": "Carrefour"},
{"query": "Champin", "nombre": "Champinon laminado Carrefour bandeja de 400 g aprox", "imagen_src": "https://static.carrefour.es/hd_350x_/img_pim_food/271583_00_1.jpg", "precio_peso": "4,99 \u20ac/kg", "precio": "2 \u20ac", "oferta": "", "supermercado": "Carrefour"},
{"query": "Champin", "nombre": "Champinon pie cortado Carrefour 600 g aprox", "imagen_src": "https://static.carrefour.es/hd_350x_/img_pim_food/271642_00_1.jpg", "precio_peso": "4,40 \u20ac/kg", "precio": "2,64 \u20ac", "oferta": "", "supermercado": "Carrefour"},
{"query": "Champin", "nombre": "Empana rectangular de pollo con champinones Carrefour 700 g", "imagen_src": "https://static.carrefour.es/hd_350x_/img_pim_food/555467_00_1.jpg", "precio_peso": "6,87 \u20ac/kg", "precio": "5,50 \u20ac", "oferta": "", "supermercado": "Carrefour"},
{"query": "Champin", "nombre": "", "imagen_src": "https://static.carrefour.es/hd_350x_/img_pim_food/670738_00_1.jpg", "precio_peso": "", "precio": "", "oferta": "", "supermercado": "Carrefour"},
{"query": "Champin", "nombre": "", "imagen_src": "https://static.carrefour.es/hd_350x_/img_pim_food/271620_00_1.jpg", "precio_peso": "", "precio": "", "oferta": "", "supermercado": "Carrefour"},
],
[
{"query": "Mosto", "nombre": "Mosto Carrefour blanco botella 1 l.", "imagen_src": "https://static.carrefour.es/hd_350x_/img_pim_food/228760_00_1.jpg", "precio_peso": "1,73 \u20ac/l", "precio": "1,73 \u20ac", "oferta": "", "supermercado": "Carrefour"},
{"query": "Mosto", "nombre": "Mosto Greip tinto botella 1 l.", "imagen_src": "https://static.carrefour.es/hd_350x_/img_pim_food/162749_00_1.jpg", "precio_peso": "2,15 \u20ac/l", "precio": "2,15 \u20ac", "oferta": "", "supermercado": "Carrefour"},
{"query": "Mosto", "nombre": "Mosto Greip blanco botella 1 l.", "imagen_src": "https://static.carrefour.es/hd_350x_/img_pim_food/162741_00_1.jpg", "precio_peso": "2,15 \u20ac/l", "precio": "2,15 \u20ac", "oferta": "", "supermercado": "Carrefour"},
{"query": "Mosto", "nombre": "Poster - The Most Beautiful Scooter , Medidas - 40x60, Acabado - Marco Blanco", "imagen_src": "https://static.carrefour.es/hd_350x_/imagenes/products/59027/98027/328/5902798027328/imagenGrande1.jpg", "precio_peso": "", "precio": "65,90 \u20ac", "oferta": "", "supermercado": "Carrefour"},
{"query": "Mosto", "nombre": "", "imagen_src": "https://static.carrefour.es/hd_350x_/imagenes/products/59027/98027/335/5902798027335/imagenGrande1.jpg", "precio_peso": "", "precio": "", "oferta": "", "supermercado": "Carrefour"},
{"query": "Mosto", "nombre": "", "imagen_src": "https://static.carrefour.es/hd_350x_/imagenes/products/59027/98027/342/5902798027342/imagenGrande1.jpg", "precio_peso": "", "precio": "", "oferta": "", "supermercado": "Carrefour"},
],
[
{"query": "Ginebra", "nombre": "Seagram'S Ginebra", "imagen_src": "https://static.carrefour.es/hd_350x_/img_pim_food/790820_00_2_Bodega.jpg", "precio_peso": "22,13 \u20ac/l", "precio": "15,49 \u20ac", "oferta": "", "supermercado": "Carrefour"},
{"query": "Ginebra", "nombre": "Ginebra Larios 1 l.", "imagen_src": "https://static.carrefour.es/hd_350x_/img_pim_food/000323_00_1.jpg", "precio_peso": "10 \u20ac/l", "precio": "10 \u20ac", "oferta": "", "supermercado": "Carrefour"},
{"query": "Ginebra", "nombre": "Ginebra Beefeater 1 l.", "imagen_src": "https://static.carrefour.es/hd_350x_/img_pim_food/288046_00_1.jpg", "precio_peso": "17,82 \u20ac/l", "precio": "17,82 \u20ac", "oferta": "", "supermercado": "Carrefour"},
{"query": "Ginebra", "nombre": "Bombay Sapphire Ginebra", "imagen_src": "https://static.carrefour.es/hd_350x_/img_pim_food/026469_00_2_Bodega.jpg", "precio_peso": "28,50 \u20ac/l", "precio": "19,95 \u20ac", "oferta": "", "supermercado": "Carrefour"},
{"query": "Ginebra", "nombre": "", "imagen_src": "https://static.carrefour.es/hd_350x_/img_pim_food/788606_00_1.jpg", "precio_peso": "", "precio": "", "oferta": "", "supermercado": "Carrefour"},
{"query": "Ginebra", "nombre": "", "imagen_src": "https://static.carrefour.es/hd_350x_/img_pim_food/219610_00_1.jpg", "precio_peso": "", "precio": "", "oferta": "", "supermercado": "Carrefour"},
],
[
{"query": "Nuez de macadamia", "nombre": "Nueces de macadamia fritas y saladas Carrefour 100 g.", "imagen_src": "https://static.carrefour.es/hd_350x_/img_pim_food/914233_00_1.jpg", "precio_peso": "28,50 \u20ac/kg", "precio": "2,85 \u20ac", "oferta": "", "supermercado": "Carrefour"},
{"query": "Nuez de macadamia", "nombre": "Tratamiento hidratacion con aceite de nuez de macadamia para cabello seco 3 Minute Miracle Moisture Aussie 250 ml.", "imagen_src": "https://static.carrefour.es/hd_350x_/img_pim_food/419110_00_1.jpg", "precio_peso": "2,56 \u20ac/100ml", "precio": "6,39 \u20ac", "oferta": "", "supermercado": "Carrefour"},
{"query": "Nuez de macadamia", "nombre": "Champu hidratacion con aceite de nuez de macadamia para cabello seco Hydrate Miracle Aussie 300 ml.", "imagen_src": "https://static.carrefour.es/hd_350x_/img_pim_food/419115_00_1.jpg", "precio_peso": "1,75 \u20ac/100ml", "precio": "5,25 \u20ac", "oferta": "", "supermercado": "Carrefour"},
{"query": "Nuez de macadamia", "nombre": "Bombon helado con caramelo y nueces de macadamia Australianas Nuii 3 ud.", "imagen_src": "https://static.carrefour.es/hd_350x_/img_pim_food/637269_00_1.jpg", "precio_peso": "1,30 \u20ac/ud", "precio": "3,89 \u20ac", "oferta": "", "supermercado": "Carrefour"},
{"query": "Nuez de macadamia", "nombre": "", "imagen_src": "https://static.carrefour.es/hd_350x_/img_pim_food/023307_00_1.jpg", "precio_peso": "", "precio": "", "oferta": "", "supermercado": "Carrefour"},
],
[
{"query": "Bebida isot\u00f3nica naranja", "nombre": "", "imagen_src": "https://static.carrefour.es/hd_350x_/img_pim_food/436055_00_1.jpg", "precio_peso": "24,62 \u20ac/kg", "precio": "9,85 \u20ac", "oferta": "", "supermercado": "Carrefour"},
{"query": "Bebida isot\u00f3nica naranja", "nombre": "Victory Iso Carbo Sabor Naranja 900 Gr - Retrasa La Fatiga Y Mejora El Rendimiento - Aporta + Energia Que Una Bebida Isotonica", "imagen_src": "https://static.carrefour.es/hd_350x_/imagenes/products/84141/92308/653/8414192308653/imagenGrande1.jpg", "precio_peso": "", "precio": "23,50 \u20ac", "oferta": "", "supermercado": "Carrefour"},
{"query": "Bebida isot\u00f3nica naranja", "nombre": "Aquarius sabor naranja pack 2 botellas 1,5 l.", "imagen_src": "https://static.carrefour.es/hd_350x_/img_pim_food/106602_00_1.jpg", "precio_peso": "0,94 \u20ac/l", "precio": "2,82 \u20ac", "oferta": "", "supermercado": "Carrefour"},
{"query": "Bebida isot\u00f3nica naranja", "nombre": "Aquarius sabor naranja zero azucar sin calorias botella 1,5 l.", "imagen_src": "https://static.carrefour.es/hd_350x_/img_pim_food/197236_00_1.jpg", "precio_peso": "1 \u20ac/l", "precio": "1,50 \u20ac", "oferta": "", "supermercado": "Carrefour"},
{"query": "Bebida isot\u00f3nica naranja", "nombre": "", "imagen_src": "https://static.carrefour.es/hd_350x_/img_pim_food/358313_00_1.jpg", "precio_peso": "", "precio": "1,34 \u20ac", "oferta": "", "supermercado": "Carrefour"},
{"query": "Bebida isot\u00f3nica naranja", "nombre": "", "imagen_src": "https://static.carrefour.es/hd_350x_/img_pim_food/322355_00_1.jpg", "precio_peso": "", "precio": "0,56 \u20ac", "oferta": "", "supermercado": "Carrefour"},
],
[
{"query": "Bebida isot\u00f3nica lim\u00f3n", "nombre": "Bebida isotonica sabor limon 226ERS sin gluten y sin lactosa 1 kg.", "imagen_src": "https://static.carrefour.es/hd_350x_/img_pim_food/066524_00_1.jpg", "precio_peso": "27,50 \u20ac/kg", "precio": "27,50 \u20ac", "oferta": "", "supermercado": "Carrefour"},
{"query": "Bebida isot\u00f3nica lim\u00f3n", "nombre": "Bebida isotonica en polvo sabor limon Just Loading pack de 5 unidades de 30 g.", "imagen_src": "https://static.carrefour.es/hd_350x_/img_pim_food/624448_00_1.jpg", "precio_peso": "22,60 \u20ac/kg", "precio": "3,39 \u20ac", "oferta": "", "supermercado": "Carrefour"},
{"query": "Bebida isot\u00f3nica lim\u00f3n", "nombre": "Bebida isotonica en polvo sabor limon Isostar 400 g.", "imagen_src": "https://static.carrefour.es/hd_350x_/supermercado/bcc_static/catalogImages/broken_image.png", "precio_peso": "22,87 \u20ac/kg", "precio": "9,15 \u20ac", "oferta": "", "supermercado": "Carrefour"},
{"query": "Bebida isot\u00f3nica lim\u00f3n", "nombre": "Aquarade sabor limon lata 33 cl.", "imagen_src": "https://static.carrefour.es/hd_350x_/img_pim_food/321899_00_1.jpg", "precio_peso": "1,64 \u20ac/l", "precio": "0,54 \u20ac", "oferta": "", "supermercado": "Carrefour"},
{"query": "Bebida isot\u00f3nica lim\u00f3n", "nombre": "", "imagen_src": "https://static.carrefour.es/hd_350x_/img_pim_food/309180_00_1.jpg", "precio_peso": "", "precio": "", "oferta": "", "supermercado": "Carrefour"},
{"query": "Bebida isot\u00f3nica lim\u00f3n", "nombre": "", "imagen_src": "https://static.carrefour.es/hd_350x_/img_pim_food/196322_00_1.jpg", "precio_peso": "", "precio": "", "oferta": "", "supermercado": "Carrefour"},
],
[
{"query": "Orujo", "nombre": "", "imagen_src": "https://static.carrefour.es/hd_350x_/img_pim_food/841812_00_1.jpg", "precio_peso": "9,86 \u20ac/l", "precio": "6,90 \u20ac", "oferta": "", "supermercado": "Carrefour"},
{"query": "Orujo", "nombre": "Orujo De Nuestra Tierra 50 cl.", "imagen_src": "https://static.carrefour.es/hd_350x_/img_pim_food/405342_00_1.jpg", "precio_peso": "29,38 \u20ac/l", "precio": "14,69 \u20ac", "oferta": "", "supermercado": "Carrefour"},
{"query": "Orujo", "nombre": "Aceite de orujo de oliva 1 l.", "imagen_src": "https://static.carrefour.es/hd_350x_/img_pim_food/831787_00_1.jpg", "precio_peso": "3,35 \u20ac/l", "precio": "3,35 \u20ac", "oferta": "", "supermercado": "Carrefour"},
{"query": "Orujo", "nombre": "Crema de orujo Puntemino 70 cl.", "imagen_src": "https://static.carrefour.es/hd_350x_/img_pim_food/841807_00_1.jpg", "precio_peso": "8,30 \u20ac/l", "precio": "5,81 \u20ac", "oferta": "", "supermercado": "Carrefour"},
{"query": "Orujo", "nombre": "", "imagen_src": "https://static.carrefour.es/hd_350x_/img_pim_food/833555_00_1.jpg", "precio_peso": "", "precio": "", "oferta": "", "supermercado": "Carrefour"},
{"query": "Orujo", "nombre": "", "imagen_src": "https://static.carrefour.es/hd_350x_/img_pim_food/432352_00_2_Bodega.jpg", "precio_peso": "", "precio": "", "oferta": "", "supermercado": "Carrefour"},
],
[
{"query": "Licor de hiervas", "nombre": "Licor de hierbas Puntemino 70 cl.", "imagen_src": "https://static.carrefour.es/hd_350x_/img_pim_food/841811_00_1.jpg", "precio_peso": "8,29 \u20ac/l", "precio": "5,80 \u20ac", "oferta": "", "supermercado": "Carrefour"},
{"query": "Licor de hiervas", "nombre": "Licor de hierbas Ruavieja 1 l.", "imagen_src": "https://static.carrefour.es/hd_350x_/img_pim_food/264354_00_1.jpg", "precio_peso": "12,35 \u20ac/l", "precio": "12,35 \u20ac", "oferta": "", "supermercado": "Carrefour"},
{"query": "Licor de hiervas", "nombre": "Licor de hierbas Jagermeister 70 cl.", "imagen_src": "https://static.carrefour.es/hd_350x_/img_pim_food/029606_00_1.jpg", "precio_peso": "17,86 \u20ac/l", "precio": "12,50 \u20ac", "oferta": "", "supermercado": "Carrefour"},
{"query": "Licor de hiervas", "nombre": "Licor de hierbas Jagermeister 1,75 l.", "imagen_src": "https://static.carrefour.es/hd_350x_/img_pim_food/047106_00_1.jpg", "precio_peso": "15,31 \u20ac/l", "precio": "26,80 \u20ac", "oferta": "", "supermercado": "Carrefour"},
{"query": "Licor de hiervas", "nombre": "Licor de hierbas Jagermeister 1 l.", "imagen_src": "https://static.carrefour.es/hd_350x_/img_pim_food/461687_00_1.jpg", "precio_peso": "16,40 \u20ac/l", "precio": "16,40 \u20ac", "oferta": "", "supermercado": "Carrefour"},
{"query": "Licor de hiervas", "nombre": "Licor de hierbas Geistluchs 70 cl.", "imagen_src": "https://static.carrefour.es/hd_350x_/img_pim_food/125788_00_1.jpg", "precio_peso": "8,29 \u20ac/l", "precio": "5,80 \u20ac", "oferta": "", "supermercado": "Carrefour"},
],
[
{"query": "Jagermeister", "nombre": "Licor de hierbas Jagermeister 70 cl.", "imagen_src": "https://static.carrefour.es/hd_350x_/img_pim_food/029606_00_1.jpg", "precio_peso": "17,86 \u20ac/l", "precio": "12,50 \u20ac", "oferta": "", "supermercado": "Carrefour"},
{"query": "Jagermeister", "nombre": "Licor de hierbas Jagermeister 1,75 l.", "imagen_src": "https://static.carrefour.es/hd_350x_/img_pim_food/047106_00_1.jpg", "precio_peso": "15,31 \u20ac/l", "precio": "26,80 \u20ac", "oferta": "", "supermercado": "Carrefour"},
{"query": "Jagermeister", "nombre": "Licor de hierbas Jagermeister 1 l.", "imagen_src": "https://static.carrefour.es/hd_350x_/img_pim_food/461687_00_1.jpg", "precio_peso": "16,40 \u20ac/l", "precio": "16,40 \u20ac", "oferta": "", "supermercado": "Carrefour"},
{"query": "Jagermeister", "nombre": "Lampara Colgante Metal Jagger Negro 220-240v Ac", "imagen_src": "https://static.carrefour.es/hd_350x_/imagenes/products/84450/44001/330/8445044001330/imagenGrande1.jpg", "precio_peso": "", "precio": "45,95 \u20ac", "oferta": "", "supermercado": "Carrefour"},
{"query": "Jagermeister", "nombre": "", "imagen_src": "https://static.carrefour.es/hd_350x_/imagenes/products/84450/44034/260/8445044034260/imagenGrande1.jpg", "precio_peso": "", "precio": "43,95 \u20ac", "oferta": "", "supermercado": "Carrefour"},
{"query": "Jagermeister", "nombre": "", "imagen_src": "https://static.carrefour.es/hd_350x_/imagenes/products/84450/44034/277/8445044034277/imagenGrande1.jpg", "precio_peso": "", "precio": "45,95 \u20ac", "oferta": "", "supermercado": "Carrefour"},
],
[
{"query": "Licor", "nombre": "Licor de hierbas Ruavieja 1 l.", "imagen_src": "https://static.carrefour.es/hd_350x_/img_pim_food/264354_00_1.jpg", "precio_peso": "12,35 \u20ac/l", "precio": "12,35 \u20ac", "oferta": "", "supermercado": "Carrefour"},
{"query": "Licor", "nombre": "Licor 43 70 cl.", "imagen_src": "https://static.carrefour.es/hd_350x_/img_pim_food/000359_00_1.jpg", "precio_peso": "19,99 \u20ac/l", "precio": "13,99 \u20ac", "oferta": "", "supermercado": "Carrefour"},
{"query": "Licor", "nombre": "Licor de melocoton Loch Castle 70 cl.", "imagen_src": "https://static.carrefour.es/hd_350x_/img_pim_food/010562_00_1.jpg", "precio_peso": "4,21 \u20ac/l", "precio": "2,95 \u20ac", "oferta": "", "supermercado": "Carrefour"},
{"query": "Licor", "nombre": "Licor de hierbas Puntemino 70 cl.", "imagen_src": "https://static.carrefour.es/hd_350x_/img_pim_food/841811_00_1.jpg", "precio_peso": "8,29 \u20ac/l", "precio": "5,80 \u20ac", "oferta": "", "supermercado": "Carrefour"},
{"query": "Licor", "nombre": "", "imagen_src": "https://static.carrefour.es/hd_350x_/img_pim_food/432352_00_2_Bodega.jpg", "precio_peso": "", "precio": "", "oferta": "", "supermercado": "Carrefour"},
{"query": "Licor", "nombre": "", "imagen_src": "https://static.carrefour.es/hd_350x_/img_pim_food/000382_00_2_Bodega.jpg", "precio_peso": "", "precio": "", "oferta": "", "supermercado": "Carrefour"},
],
[
{"query": "Absenta", "nombre": "Legendarte - Cartel De Propaganda De Guerra Vintage Who's Absent? Is It You? - Cuadro Lienzo, Impresion Digital Cm. 50x70", "imagen_src": "https://static.carrefour.es/hd_350x_/imagenes/products/80571/58785/466/8057158785466/imagenGrande1.jpg", "precio_peso": "", "precio": "59,50 \u20ac", "oferta": "", "supermercado": "Carrefour"},
{"query": "Absenta", "nombre": "30- El Far De La Dona Absent", "imagen_src": "https://static.carrefour.es/hd_350x_/imagenes/products/97884/14011/294/9788414011294/imagenGrande1.jpg", "precio_peso": "", "precio": "10,45 \u20ac", "oferta": "", "supermercado": "Carrefour"},
{"query": "Absenta", "nombre": "El Far De La Dona Absent", "imagen_src": "https://static.carrefour.es/hd_350x_/imagenes/products/97884/47941/933/9788447941933/imagenGrande1.jpg", "precio_peso": "", "precio": "10,45 \u20ac", "oferta": "", "supermercado": "Carrefour"},
{"query": "Absenta", "nombre": "Temps Absent. Tiempo Ausente", "imagen_src": "https://static.carrefour.es/hd_350x_/imagenes/products/97884/37056/586/9788437056586/imagenGrande1.jpg", "precio_peso": "", "precio": "9,50 \u20ac", "oferta": "", "supermercado": "Carrefour"},
],
[
{"query": "Vermut", "nombre": "Vermut Yzaguirre rojo 1 l.", "imagen_src": "https://static.carrefour.es/hd_350x_/img_pim_food/554042_00_1.jpg", "precio_peso": "7,55 \u20ac/l", "precio": "7,55 \u20ac", "oferta": "", "supermercado": "Carrefour"},
{"query": "Vermut", "nombre": "Vermut Forteni rojo 1 l.", "imagen_src": "https://static.carrefour.es/hd_350x_/img_pim_food/521170_00_1.jpg", "precio_peso": "2,19 \u20ac/l", "precio": "2,19 \u20ac", "oferta": "", "supermercado": "Carrefour"},
{"query": "Vermut", "nombre": "Vermut Carrefour Monte Esquinza rojo 1 l.", "imagen_src": "https://static.carrefour.es/hd_350x_/img_pim_food/474624_00_1.jpg", "precio_peso": "2,80 \u20ac/l", "precio": "2,80 \u20ac", "oferta": "", "supermercado": "Carrefour"},
{"query": "Vermut", "nombre": "Vermut Forteni blanco 1 l.", "imagen_src": "https://static.carrefour.es/hd_350x_/img_pim_food/521171_00_1.jpg", "precio_peso": "2,19 \u20ac/l", "precio": "2,19 \u20ac", "oferta": "", "supermercado": "Carrefour"},
{"query": "Vermut", "nombre": "", "imagen_src": "https://static.carrefour.es/hd_350x_/img_pim_food/896537_00_1.jpg", "precio_peso": "", "precio": "", "oferta": "", "supermercado": "Carrefour"},
{"query": "Vermut", "nombre": "", "imagen_src": "https://static.carrefour.es/hd_350x_/img_pim_food/093526_00_2_Bodega.jpg", "precio_peso": "", "precio": "", "oferta": "", "supermercado": "Carrefour"},
],
[
{"query": "Ron", "nombre": "Ron Yacare anejo 70 cl.", "imagen_src": "https://static.carrefour.es/hd_350x_/img_pim_food/652602_00_1.jpg", "precio_peso": "7,14 \u20ac/l", "precio": "5 \u20ac", "oferta": "", "supermercado": "Carrefour"},
{"query": "Ron", "nombre": "Ron Barcelo anejo 70 cl.", "imagen_src": "https://static.carrefour.es/hd_350x_/img_pim_food/043214_00_1.jpg", "precio_peso": "20,43 \u20ac/l", "precio": "14,30 \u20ac", "oferta": "", "supermercado": "Carrefour"},
{"query": "Ron", "nombre": "Ron Negrita 70 cl.", "imagen_src": "https://static.carrefour.es/hd_350x_/img_pim_food/000331_00_1.jpg", "precio_peso": "12 \u20ac/l", "precio": "8,40 \u20ac", "oferta": "", "supermercado": "Carrefour"},
{"query": "Ron", "nombre": "Santa Teresa Ron Reserva", "imagen_src": "https://static.carrefour.es/hd_350x_/img_pim_food/048215_00_2_Bodega.jpg", "precio_peso": "20,99 \u20ac/l", "precio": "14,69 \u20ac", "oferta": "", "supermercado": "Carrefour"},
{"query": "Ron", "nombre": "", "imagen_src": "https://static.carrefour.es/hd_350x_/img_pim_food/000327_00_1.jpg", "precio_peso": "", "precio": "", "oferta": "", "supermercado": "Carrefour"},
{"query": "Ron", "nombre": "", "imagen_src": "https://static.carrefour.es/hd_350x_/img_pim_food/606823_00_1.jpg", "precio_peso": "", "precio": "", "oferta": "", "supermercado": "Carrefour"},
],
[
{"query": "Refresco naranja", "nombre": "", "imagen_src": "https://static.carrefour.es/hd_350x_/img_pim_food/767087_00_1.jpg", "precio_peso": "0,35 \u20ac/l", "precio": "0,70 \u20ac", "oferta": "", "supermercado": "Carrefour"},
{"query": "Refresco naranja", "nombre": "Refresco de naranja Revoltosa 2 l.", "imagen_src": "https://static.carrefour.es/hd_350x_/img_pim_food/030457_00_1.jpg", "precio_peso": "0,23 \u20ac/l", "precio": "0,47 \u20ac", "oferta": "", "supermercado": "Carrefour"},
{"query": "Refresco naranja", "nombre": "Refresco sabor naranja Carrefour Classic' botella 2 l.", "imagen_src": "https://static.carrefour.es/hd_350x_/img_pim_food/767094_00_1.jpg", "precio_peso": "0,31 \u20ac/l", "precio": "0,62 \u20ac", "oferta": "", "supermercado": "Carrefour"},
{"query": "Refresco naranja", "nombre": "Refresco de naranja Trina zero sin gas lata 33 cl.", "imagen_src": "https://static.carrefour.es/hd_350x_/img_pim_food/760902_00_1.jpg", "precio_peso": "2,03 \u20ac/l", "precio": "0,67 \u20ac", "oferta": "", "supermercado": "Carrefour"},
{"query": "Refresco naranja", "nombre": "", "imagen_src": "https://static.carrefour.es/hd_350x_/img_pim_food/361229_00_1.jpg", "precio_peso": "0,58 \u20ac/l", "precio": "2,34 \u20ac", "oferta": "", "supermercado": "Carrefour"},
{"query": "Refresco naranja", "nombre": "", "imagen_src": "https://static.carrefour.es/hd_350x_/img_pim_food/904915_00_1.jpg", "precio_peso": "0,88 \u20ac/l", "precio": "0,29 \u20ac", "oferta": "", "supermercado": "Carrefour"},
],
[
{"query": "Refresco lim\u00f3n", "nombre": "Revoltosa limon 2 l.", "imagen_src": "https://static.carrefour.es/hd_350x_/img_pim_food/030459_00_1.jpg", "precio_peso": "0,23 \u20ac/l", "precio": "0,47 \u20ac", "oferta": "", "supermercado": "Carrefour"},
{"query": "Refresco lim\u00f3n", "nombre": "Refresco de limon Schweppes con gas zero lata 33 cl.", "imagen_src": "https://static.carrefour.es/hd_350x_/img_pim_food/707871_00_1.jpg", "precio_peso": "2,58 \u20ac/l", "precio": "0,85 \u20ac", "oferta": "", "supermercado": "Carrefour"},
{"query": "Refresco lim\u00f3n", "nombre": "Refresco sabor limon Zero Carrefour Classic' botella 2l.", "imagen_src": "https://static.carrefour.es/hd_350x_/img_pim_food/778546_00_1.jpg", "precio_peso": "0,37 \u20ac/l", "precio": "0,75 \u20ac", "oferta": "", "supermercado": "Carrefour"},
{"query": "Refresco lim\u00f3n", "nombre": "Refresco de lima-limon Sprite con gas zero botella 2 l.", "imagen_src": "https://static.carrefour.es/hd_350x_/img_pim_food/282008_00_1.jpg", "precio_peso": "0,50 \u20ac/l", "precio": "1 \u20ac", "oferta": "", "supermercado": "Carrefour"},
{"query": "Refresco lim\u00f3n", "nombre": "", "imagen_src": "https://static.carrefour.es/hd_350x_/img_pim_food/471060_00_1.jpg", "precio_peso": "1,88 \u20ac/l", "precio": "1,88 \u20ac", "oferta": "", "supermercado": "Carrefour"},
{"query": "Refresco lim\u00f3n", "nombre": "", "imagen_src": "https://static.carrefour.es/hd_350x_/img_pim_food/707834_00_1.jpg", "precio_peso": "2,58 \u20ac/l", "precio": "0,85 \u20ac", "oferta": "", "supermercado": "Carrefour"},
],
[
{"query": "Refresco Coca", "nombre": "Coca Cola zero azucar pack 24 latas 33 cl.", "imagen_src": "https://static.carrefour.es/hd_350x_/img_pim_food/692745_00_1.jpg", "precio_peso": "2,06 \u20ac/l", "precio": "16,32 \u20ac", "oferta": "", "supermercado": "Carrefour"},
{"query": "Refresco Coca", "nombre": "Coca Cola zero azucar pack 4 botellas 2 l.", "imagen_src": "https://static.carrefour.es/hd_350x_/img_pim_food/697623_00_1.jpg", "precio_peso": "0,80 \u20ac/l", "precio": "6,40 \u20ac", "oferta": "", "supermercado": "Carrefour"},
{"query": "Refresco Coca", "nombre": "Coca Cola zero azucar pack 12 latas 33 cl.", "imagen_src": "https://static.carrefour.es/hd_350x_/img_pim_food/745103_00_1.jpg", "precio_peso": "2,36 \u20ac/l", "precio": "9,36 \u20ac", "oferta": "", "supermercado": "Carrefour"},
{"query": "Refresco Coca", "nombre": "Coca Cola zero azucar zero cafeina pack 24 latas 33 cl.", "imagen_src": "https://static.carrefour.es/hd_350x_/img_pim_food/303653_00_1.jpg", "precio_peso": "2,06 \u20ac/l", "precio": "16,32 \u20ac", "oferta": "", "supermercado": "Carrefour"},
{"query": "Refresco Coca", "nombre": "", "imagen_src": "https://static.carrefour.es/hd_350x_/img_pim_food/029232_00_1.jpg", "precio_peso": "2,36 \u20ac/l", "precio": "9,36 \u20ac", "oferta": "", "supermercado": "Carrefour"},
{"query": "Refresco Coca", "nombre": "", "imagen_src": "https://static.carrefour.es/hd_350x_/img_pim_food/822418_00_1.jpg", "precio_peso": "0,80 \u20ac/l", "precio": "6,40 \u20ac", "oferta": "", "supermercado": "Carrefour"},
],
[
{"query": "Refresco naranja sin az\u00facar", "nombre": "Fanta de naranja zero azucares anadidos pack 2 botellas 2 l.", "imagen_src": "https://static.carrefour.es/hd_350x_/img_pim_food/911719_00_1.jpg", "precio_peso": "0,58 \u20ac/l", "precio": "2,34 \u20ac", "oferta": "", "supermercado": "Carrefour"},
{"query": "Refresco naranja sin az\u00facar", "nombre": "Kas de naranja sin azucares anadidos lata 33 cl.", "imagen_src": "https://static.carrefour.es/hd_350x_/img_pim_food/501024_00_1.jpg", "precio_peso": "1,88 \u20ac/l", "precio": "0,62 \u20ac", "oferta": "", "supermercado": "Carrefour"},
{"query": "Refresco naranja sin az\u00facar", "nombre": "Aquarius sabor naranja zero azucar sin calorias botella 1,5 l.", "imagen_src": "https://static.carrefour.es/hd_350x_/img_pim_food/197236_00_1.jpg", "precio_peso": "1 \u20ac/l", "precio": "1,50 \u20ac", "oferta": "", "supermercado": "Carrefour"},
{"query": "Refresco naranja sin az\u00facar", "nombre": "Kuyx de naranja sin gas light zero azucares botella 3 l.", "imagen_src": "https://static.carrefour.es/hd_350x_/img_pim_food/769498_00_1.jpg", "precio_peso": "0,63 \u20ac/l", "precio": "1,89 \u20ac", "oferta": "", "supermercado": "Carrefour"},
{"query": "Refresco naranja sin az\u00facar", "nombre": "", "imagen_src": "https://static.carrefour.es/hd_350x_/img_pim_food/273341_00_1.jpg", "precio_peso": "2,65 \u20ac/l", "precio": "2,65 \u20ac", "oferta": "", "supermercado": "Carrefour"},
{"query": "Refresco naranja sin az\u00facar", "nombre": "", "imagen_src": "https://static.carrefour.es/hd_350x_/img_pim_food/011329_00_1.jpg", "precio_peso": "3,22 \u20ac/l", "precio": "1,29 \u20ac", "oferta": "", "supermercado": "Carrefour"},
],
[
{"query": "Refresco lim\u00f3n sin az\u00facar", "nombre": "Fanta de limon zero azucares anadidos lata 33 cl.", "imagen_src": "https://static.carrefour.es/hd_350x_/img_pim_food/064633_00_1.jpg", "precio_peso": "1,82 \u20ac/l", "precio": "0,60 \u20ac", "oferta": "", "supermercado": "Carrefour"},
{"query": "Refresco lim\u00f3n sin az\u00facar", "nombre": "Fanta de limon zero azucares anadidos botella 2 l.", "imagen_src": "https://static.carrefour.es/hd_350x_/img_pim_food/064637_00_1.jpg", "precio_peso": "0,78 \u20ac/l", "precio": "1,57 \u20ac", "oferta": "", "supermercado": "Carrefour"},
{"query": "Refresco lim\u00f3n sin az\u00facar", "nombre": "Kas de limon sin azucares anadidos lata 33 cl.", "imagen_src": "https://static.carrefour.es/hd_350x_/img_pim_food/501025_00_1.jpg", "precio_peso": "1,88 \u20ac/l", "precio": "0,62 \u20ac", "oferta": "", "supermercado": "Carrefour"},
{"query": "Refresco lim\u00f3n sin az\u00facar", "nombre": "Aquarius sabor limon zero azucar sin calorias botella 1.5 l.", "imagen_src": "https://static.carrefour.es/hd_350x_/img_pim_food/196322_00_1.jpg", "precio_peso": "1 \u20ac/l", "precio": "1,50 \u20ac", "oferta": "", "supermercado": "Carrefour"},
{"query": "Refresco lim\u00f3n sin az\u00facar", "nombre": "", "imagen_src": "https://static.carrefour.es/hd_350x_/img_pim_food/292579_00_1.jpg", "precio_peso": "", "precio": "2,50 \u20ac", "oferta": "", "supermercado": "Carrefour"},
{"query": "Refresco lim\u00f3n sin az\u00facar", "nombre": "", "imagen_src": "https://static.carrefour.es/hd_350x_/img_pim_food/339361_00_1.jpg", "precio_peso": "", "precio": "2,09 \u20ac", "oferta": "", "supermercado": "Carrefour"},
],
[
{"query": "Refresco Coca sin azucar", "nombre": "Coca Cola zero azucar pack 24 latas 33 cl.", "imagen_src": "https://static.carrefour.es/hd_350x_/img_pim_food/692745_00_1.jpg", "precio_peso": "2,06 \u20ac/l", "precio": "16,32 \u20ac", "oferta": "", "supermercado": "Carrefour"},
{"query": "Refresco Coca sin azucar", "nombre": "Coca Cola zero azucar pack 4 botellas 2 l.", "imagen_src": "https://static.carrefour.es/hd_350x_/img_pim_food/697623_00_1.jpg", "precio_peso": "0,80 \u20ac/l", "precio": "6,40 \u20ac", "oferta": "", "supermercado": "Carrefour"},
{"query": "Refresco Coca sin azucar", "nombre": "Coca Cola zero azucar pack 12 latas 33 cl.", "imagen_src": "https://static.carrefour.es/hd_350x_/img_pim_food/745103_00_1.jpg", "precio_peso": "2,36 \u20ac/l", "precio": "9,36 \u20ac", "oferta": "", "supermercado": "Carrefour"},
{"query": "Refresco Coca sin azucar", "nombre": "Coca Cola zero azucar zero cafeina pack 24 latas 33 cl.", "imagen_src": "https://static.carrefour.es/hd_350x_/img_pim_food/303653_00_1.jpg", "precio_peso": "2,06 \u20ac/l", "precio": "16,32 \u20ac", "oferta": "", "supermercado": "Carrefour"},
{"query": "Refresco Coca sin azucar", "nombre": "", "imagen_src": "https://static.carrefour.es/hd_350x_/img_pim_food/822418_00_1.jpg", "precio_peso": "0,80 \u20ac/l", "precio": "6,40 \u20ac", "oferta": "", "supermercado": "Carrefour"},
{"query": "Refresco Coca sin azucar", "nombre": "", "imagen_src": "https://static.carrefour.es/hd_350x_/img_pim_food/911700_00_1.jpg", "precio_peso": "2,36 \u20ac/l", "precio": "9,36 \u20ac", "oferta": "", "supermercado": "Carrefour"},
],
[
{"query": "Refresco Coca sin cafe\u00edna sin azucar", "nombre": "Coca Cola zero azucar zero cafeina pack 24 latas 33 cl.", "imagen_src": "https://static.carrefour.es/hd_350x_/img_pim_food/303653_00_1.jpg", "precio_peso": "2,06 \u20ac/l", "precio": "16,32 \u20ac", "oferta": "", "supermercado": "Carrefour"},
{"query": "Refresco Coca sin cafe\u00edna sin azucar", "nombre": "Coca Cola zero azucar zero cafeina pack 4 botellas 2 l.", "imagen_src": "https://static.carrefour.es/hd_350x_/img_pim_food/822418_00_1.jpg", "precio_peso": "0,80 \u20ac/l", "precio": "6,40 \u20ac", "oferta": "", "supermercado": "Carrefour"},
{"query": "Refresco Coca sin cafe\u00edna sin azucar", "nombre": "Coca Cola zero azucar zero cafeina pack 12 latas 33 cl.", "imagen_src": "https://static.carrefour.es/hd_350x_/img_pim_food/911700_00_1.jpg", "precio_peso": "2,36 \u20ac/l", "precio": "9,36 \u20ac", "oferta": "", "supermercado": "Carrefour"},
{"query": "Refresco Coca sin cafe\u00edna sin azucar", "nombre": "Coca Cola zero azucar sin cafeina pack 2 botellas 2 l.", "imagen_src": "https://static.carrefour.es/hd_350x_/img_pim_food/940665_00_1.jpg", "precio_peso": "0,81 \u20ac/l", "precio": "3,24 \u20ac", "oferta": "", "supermercado": "Carrefour"},
{"query": "Refresco Coca sin cafe\u00edna sin azucar", "nombre": "", "imagen_src": "https://static.carrefour.es/hd_350x_/img_pim_food/692745_00_1.jpg", "precio_peso": "2,06 \u20ac/l", "precio": "16,32 \u20ac", "oferta": "", "supermercado": "Carrefour"},
{"query": "Refresco Coca sin cafe\u00edna sin azucar", "nombre": "", "imagen_src": "https://static.carrefour.es/hd_350x_/img_pim_food/697623_00_1.jpg", "precio_peso": "0,80 \u20ac/l", "precio": "6,40 \u20ac", "oferta": "", "supermercado": "Carrefour"},
],
[
{"query": "Refresco Coca sin cafeina", "nombre": "Coca Cola zero azucar zero cafeina pack 24 latas 33 cl.", "imagen_src": "https://static.carrefour.es/hd_350x_/img_pim_food/303653_00_1.jpg", "precio_peso": "2,06 \u20ac/l", "precio": "16,32 \u20ac", "oferta": "", "supermercado": "Carrefour"},
{"query": "Refresco Coca sin cafeina", "nombre": "Coca Cola zero azucar zero cafeina pack 4 botellas 2 l.", "imagen_src": "https://static.carrefour.es/hd_350x_/img_pim_food/822418_00_1.jpg", "precio_peso": "0,80 \u20ac/l", "precio": "6,40 \u20ac", "oferta": "", "supermercado": "Carrefour"},
{"query": "Refresco Coca sin cafeina", "nombre": "Coca Cola zero azucar zero cafeina pack 12 latas 33 cl.", "imagen_src": "https://static.carrefour.es/hd_350x_/img_pim_food/911700_00_1.jpg", "precio_peso": "2,36 \u20ac/l", "precio": "9,36 \u20ac", "oferta": "", "supermercado": "Carrefour"},
{"query": "Refresco Coca sin cafeina", "nombre": "Coca Cola zero azucar sin cafeina pack 2 botellas 2 l.", "imagen_src": "https://static.carrefour.es/hd_350x_/img_pim_food/940665_00_1.jpg", "precio_peso": "0,81 \u20ac/l", "precio": "3,24 \u20ac", "oferta": "", "supermercado": "Carrefour"},
{"query": "Refresco Coca sin cafeina", "nombre": "", "imagen_src": "https://static.carrefour.es/hd_350x_/img_pim_food/000047_00_1.jpg", "precio_peso": "2,42 \u20ac/l", "precio": "0,80 \u20ac", "oferta": "", "supermercado": "Carrefour"},
{"query": "Refresco Coca sin cafeina", "nombre": "", "imagen_src": "https://static.carrefour.es/hd_350x_/img_pim_food/000042_00_1.jpg", "precio_peso": "0,94 \u20ac/l", "precio": "1,89 \u20ac", "oferta": "", "supermercado": "Carrefour"},
],
[
{"query": "Refresco Te", "nombre": "Carrefour te de limon botella 1,5 l.", "imagen_src": "https://static.carrefour.es/hd_350x_/img_pim_food/257004_00_1.jpg", "precio_peso": "0,53 \u20ac/l", "precio": "0,79 \u20ac", "oferta": "", "supermercado": "Carrefour"},
{"query": "Refresco Te", "nombre": "Refresco de te verde Arizona con miel botella 1,5 l.", "imagen_src": "https://static.carrefour.es/hd_350x_/img_pim_food/346066_00_1.jpg", "precio_peso": "1,59 \u20ac/l", "precio": "2,39 \u20ac", "oferta": "", "supermercado": "Carrefour"},
{"query": "Refresco Te", "nombre": "Refresco de te verde sabor melocoton Lipton botella 1 l.", "imagen_src": "https://static.carrefour.es/hd_350x_/img_pim_food/860540_00_1.jpg", "precio_peso": "1,21 \u20ac/l", "precio": "1,21 \u20ac", "oferta": "", "supermercado": "Carrefour"},
{"query": "Refresco Te", "nombre": "Refresco de te verde Arizona sabor granada botella 1,5 l.", "imagen_src": "https://static.carrefour.es/hd_350x_/img_pim_food/346069_00_1.jpg", "precio_peso": "1,59 \u20ac/l", "precio": "2,39 \u20ac", "oferta": "", "supermercado": "Carrefour"},
{"query": "Refresco Te", "nombre": "", "imagen_src": "https://static.carrefour.es/hd_350x_/img_pim_food/316709_00_1.jpg", "precio_peso": "1,82 \u20ac/l", "precio": "5,40 \u20ac", "oferta": "", "supermercado": "Carrefour"},
{"query": "Refresco Te", "nombre": "", "imagen_src": "https://static.carrefour.es/hd_350x_/img_pim_food/292579_00_1.jpg", "precio_peso": "0,83 \u20ac/l", "precio": "2,50 \u20ac", "oferta": "", "supermercado": "Carrefour"},
],
[
{"query": "Refresco t\u00f3nica", "nombre": "Tonica Nordic Mist Blue lata 25 cl.", "imagen_src": "https://static.carrefour.es/hd_350x_/img_pim_food/778181_00_1.jpg", "precio_peso": "2,32 \u20ac/l", "precio": "0,58 \u20ac", "oferta": "", "supermercado": "Carrefour"},
{"query": "Refresco t\u00f3nica", "nombre": "Tonica Schweppes Original pack 12 latas 25 cl.", "imagen_src": "https://static.carrefour.es/hd_350x_/img_pim_food/968722_00_1.jpg", "precio_peso": "2,65 \u20ac/l", "precio": "7,95 \u20ac", "oferta": "", "supermercado": "Carrefour"},
{"query": "Refresco t\u00f3nica", "nombre": "Tonica Schweppes botella 1 l.", "imagen_src": "https://static.carrefour.es/hd_350x_/img_pim_food/216327_00_1.jpg", "precio_peso": "1,85 \u20ac/l", "precio": "1,85 \u20ac", "oferta": "", "supermercado": "Carrefour"},
{"query": "Refresco t\u00f3nica", "nombre": "Tonica Nordic Mist lata 25 cl.", "imagen_src": "https://static.carrefour.es/hd_350x_/img_pim_food/362233_00_1.jpg", "precio_peso": "2,24 \u20ac/l", "precio": "0,56 \u20ac", "oferta": "", "supermercado": "Carrefour"},
{"query": "Refresco t\u00f3nica", "nombre": "", "imagen_src": "https://static.carrefour.es/hd_350x_/img_pim_food/029259_00_1.jpg", "precio_peso": "", "precio": "0,85 \u20ac", "oferta": "", "supermercado": "Carrefour"},
{"query": "Refresco t\u00f3nica", "nombre": "", "imagen_src": "https://static.carrefour.es/hd_350x_/img_pim_food/886887_00_1.jpg", "precio_peso": "", "precio": "0,58 \u20ac", "oferta": "", "supermercado": "Carrefour"},
],
[
{"query": "Crema de caf\u00e9", "nombre": "Ruavieja Licor De Cafe", "imagen_src": "https://static.carrefour.es/hd_350x_/img_pim_food/586485_00_2_Bodega.jpg", "precio_peso": "16,07 \u20ac/l", "precio": "11,25 \u20ac", "oferta": "", "supermercado": "Carrefour"},
{"query": "Crema de caf\u00e9", "nombre": "Cafe molido natural crema e gusto Lavazza 250 g.", "imagen_src": "https://static.carrefour.es/hd_350x_/img_pim_food/789086_00_1.jpg", "precio_peso": "11,96 \u20ac/kg", "precio": "2,99 \u20ac", "oferta": "", "supermercado": "Carrefour"},
{"query": "Crema de caf\u00e9", "nombre": "Cafe soluble natural con crema Nescafe 200 g.", "imagen_src": "https://static.carrefour.es/hd_350x_/img_pim_food/039617_00_1.jpg", "precio_peso": "30,25 \u20ac/kg", "precio": "6,05 \u20ac", "oferta": "", "supermercado": "Carrefour"},
{"query": "Crema de caf\u00e9", "nombre": "Cafe molido mezcla creme express Marcilla 250 g.", "imagen_src": "https://static.carrefour.es/hd_350x_/img_pim_food/020757_00_1.jpg", "precio_peso": "15,16 \u20ac/kg", "precio": "3,79 \u20ac", "oferta": "", "supermercado": "Carrefour"},
{"query": "Crema de caf\u00e9", "nombre": "", "imagen_src": "https://static.carrefour.es/hd_350x_/img_pim_food/353808_00_1.jpg", "precio_peso": "", "precio": "3,79 \u20ac", "oferta": "", "supermercado": "Carrefour"},
{"query": "Crema de caf\u00e9", "nombre": "", "imagen_src": "https://static.carrefour.es/hd_350x_/img_pim_food/051710_00_1.jpg", "precio_peso": "", "precio": "8,39 \u20ac", "oferta": "", "supermercado": "Carrefour"},
],
[
{"query": "Mistela", "nombre": "", "imagen_src": "https://static.carrefour.es/hd_350x_/img_pim_food/117854_00_1.jpg", "precio_peso": "1,98 \u20ac/kg", "precio": "1,68 \u20ac", "oferta": "", "supermercado": "Carrefour"},
{"query": "Mistela", "nombre": "Cocktail de frutos secos sabor Africa Grefusa-Mister Corn 170 g.", "imagen_src": "https://static.carrefour.es/hd_350x_/img_pim_food/358350_00_1.jpg", "precio_peso": "11,23 \u20ac/kg", "precio": "2,19 \u20ac", "oferta": "", "supermercado": "Carrefour"},
{"query": "Mistela", "nombre": "Cocktail de frutos secos sabor salsa dulce Carolina Grefusa-Mister Corn sin aceite de palma 180 g.", "imagen_src": "https://static.carrefour.es/hd_350x_/img_pim_food/309272_00_1.jpg", "precio_peso": "12,17 \u20ac/kg", "precio": "2,19 \u20ac", "oferta": "", "supermercado": "Carrefour"},
{"query": "Mistela", "nombre": "Cocktail de frutos secos mix barbacoa Grefusa Mister Corn 195 g.", "imagen_src": "https://static.carrefour.es/hd_350x_/img_pim_food/374329_00_1.jpg", "precio_peso": "8,72 \u20ac/kg", "precio": "1,70 \u20ac", "oferta": "", "supermercado": "Carrefour"},
{"query": "Mistela", "nombre": "Mister", "imagen_src": "https://static.carrefour.es/hd_350x_/imagenes/products/97884/17627/775/9788417627775/imagenGrande1.jpg", "precio_peso": "", "precio": "17,95 \u20ac", "oferta": "", "supermercado": "Carrefour"},
{"query": "Mistela", "nombre": "Cocktail de frutos secos y snacks Grefusa-MisterCorn Mix 5 Classic 300 g.", "imagen_src": "https://static.carrefour.es/hd_350x_/img_pim_food/789855_00_1.jpg", "precio_peso": "8,97 \u20ac/kg", "precio": "2,69 \u20ac", "oferta": "", "supermercado": "Carrefour"},
],
[
{"query": "Cava", "nombre": "Bach Extrisimo Brut Nature Cava", "imagen_src": "https://static.carrefour.es/hd_350x_/img_pim_food/026550_00_2_Bodega.jpg", "precio_peso": "4,59 \u20ac/ud", "precio": "4,59 \u20ac", "oferta": "", "supermercado": "Carrefour"},
{"query": "Cava", "nombre": "Cava Bonaval brut 75 cl.", "imagen_src": "https://static.carrefour.es/hd_350x_/img_pim_food/008548_00_1.jpg", "precio_peso": "2,59 \u20ac/ud", "precio": "2,59 \u20ac", "oferta": "", "supermercado": "Carrefour"},
{"query": "Cava", "nombre": "Cava Bonaval semiseco 75 cl.", "imagen_src": "https://static.carrefour.es/hd_350x_/img_pim_food/054668_00_1.jpg", "precio_peso": "2,59 \u20ac/ud", "precio": "2,59 \u20ac", "oferta": "", "supermercado": "Carrefour"},
{"query": "Cava", "nombre": "Freixenet Carta Nevada Cava", "imagen_src": "https://static.carrefour.es/hd_350x_/img_pim_food/018550_00_2_Bodega.jpg", "precio_peso": "5,39 \u20ac/ud", "precio": "5,39 \u20ac", "oferta": "", "supermercado": "Carrefour"},
{"query": "Cava", "nombre": "", "imagen_src": "https://static.carrefour.es/hd_350x_/img_pim_food/010570_00_1.jpg", "precio_peso": "", "precio": "", "oferta": "", "supermercado": "Carrefour"},
{"query": "Cava", "nombre": "", "imagen_src": "https://static.carrefour.es/hd_350x_/img_pim_food/593080_00_1.jpg", "precio_peso": "", "precio": "", "oferta": "", "supermercado": "Carrefour"},
],
[
{"query": "Champ\u00e1n", "nombre": "Moet & Chandon Brut Imperial Champagne", "imagen_src": "https://static.carrefour.es/hd_350x_/img_pim_food/000271_00_2_Bodega.jpg", "precio_peso": "39,90 \u20ac/ud", "precio": "39,90 \u20ac", "oferta": "", "supermercado": "Carrefour"},
{"query": "Champ\u00e1n", "nombre": "Charles De Courance Champagne", "imagen_src": "https://static.carrefour.es/hd_350x_/img_pim_food/103357_00_2_Bodega.jpg", "precio_peso": "12,90 \u20ac/ud", "precio": "12,90 \u20ac", "oferta": "", "supermercado": "Carrefour"},
{"query": "Champ\u00e1n", "nombre": "Veuve Clicquot Champagne", "imagen_src": "https://static.carrefour.es/hd_350x_/img_pim_food/033015_00_2_Bodega.jpg", "precio_peso": "45,40 \u20ac/ud", "precio": "45,40 \u20ac", "oferta": "", "supermercado": "Carrefour"},
{"query": "Champ\u00e1n", "nombre": "Charles De Courance Cuvee Champagne", "imagen_src": "https://static.carrefour.es/hd_350x_/img_pim_food/103359_00_2_Bodega.jpg", "precio_peso": "19,90 \u20ac/ud", "precio": "19,90 \u20ac", "oferta": "", "supermercado": "Carrefour"},
{"query": "Champ\u00e1n", "nombre": "", "imagen_src": "https://static.carrefour.es/hd_350x_/img_pim_food/971237_00_2_Bodega.jpg", "precio_peso": "", "precio": "57,50 \u20ac", "oferta": "", "supermercado": "Carrefour"},
{"query": "Champ\u00e1n", "nombre": "", "imagen_src": "https://static.carrefour.es/hd_350x_/img_pim_food/103360_00_2_Bodega.jpg", "precio_peso": "", "precio": "15,50 \u20ac", "oferta": "", "supermercado": "Carrefour"},
],
[
{"query": "N\u00e9ctar de pomelo", "nombre": "Nectar de pomelo rosa Granini Seleccion botella 1 l.", "imagen_src": "https://static.carrefour.es/hd_350x_/img_pim_food/151649_00_1.jpg", "precio_peso": "2,45 \u20ac/l", "precio": "2,45 \u20ac", "oferta": "", "supermercado": "Carrefour"},
{"query": "N\u00e9ctar de pomelo", "nombre": "Nectar de pomelo Carrefour brik 1 l.", "imagen_src": "https://static.carrefour.es/hd_350x_/img_pim_food/760584_00_1.jpg", "precio_peso": "1,36 \u20ac/l", "precio": "1,36 \u20ac", "oferta": "", "supermercado": "Carrefour"},
],
[
{"query": "N\u00e9ctar de pi\u00f1a", "nombre": "Nectar de pina Carrefour brik 1 l.", "imagen_src": "https://static.carrefour.es/hd_350x_/img_pim_food/865492_00_1.jpg", "precio_peso": "0,69 \u20ac/l", "precio": "0,69 \u20ac", "oferta": "", "supermercado": "Carrefour"},
{"query": "N\u00e9ctar de pi\u00f1a", "nombre": "Nectar de pina Don Simon Disfruta sin azucar anadido botella 1,5 l.", "imagen_src": "https://static.carrefour.es/hd_350x_/img_pim_food/279258_00_1.jpg", "precio_peso": "1,03 \u20ac/l", "precio": "1,55 \u20ac", "oferta": "", "supermercado": "Carrefour"},
{"query": "N\u00e9ctar de pi\u00f1a", "nombre": "Nectar de pina Juver brik 2 l.", "imagen_src": "https://static.carrefour.es/hd_350x_/img_pim_food/260403_00_1.jpg", "precio_peso": "0,62 \u20ac/l", "precio": "1,25 \u20ac", "oferta": "", "supermercado": "Carrefour"},
{"query": "N\u00e9ctar de pi\u00f1a", "nombre": "Nectar de pina Granini botella 1,5 l.", "imagen_src": "https://static.carrefour.es/hd_350x_/img_pim_food/641822_00_1.jpg", "precio_peso": "2,23 \u20ac/l", "precio": "3,35 \u20ac", "oferta": "", "supermercado": "Carrefour"},
{"query": "N\u00e9ctar de pi\u00f1a", "nombre": "", "imagen_src": "https://static.carrefour.es/hd_350x_/img_pim_food/020868_00_1.jpg", "precio_peso": "", "precio": "2,39 \u20ac", "oferta": "", "supermercado": "Carrefour"},
{"query": "N\u00e9ctar de pi\u00f1a", "nombre": "", "imagen_src": "https://static.carrefour.es/hd_350x_/img_pim_food/675001_00_1.jpg", "precio_peso": "", "precio": "1,70 \u20ac", "oferta": "", "supermercado": "Carrefour"},
],
[
{"query": "N\u00e9ctar de naranja", "nombre": "Nectar de mango y naranja Carrefour brik 1 l.", "imagen_src": "https://static.carrefour.es/hd_350x_/img_pim_food/865490_00_1.jpg", "precio_peso": "0,70 \u20ac/l", "precio": "0,70 \u20ac", "oferta": "", "supermercado": "Carrefour"},
{"query": "N\u00e9ctar de naranja", "nombre": "Nectar de naranja Carrefour brik 1 l.", "imagen_src": "https://static.carrefour.es/hd_350x_/img_pim_food/865491_00_1.jpg", "precio_peso": "0,70 \u20ac/l", "precio": "0,70 \u20ac", "oferta": "", "supermercado": "Carrefour"},
{"query": "N\u00e9ctar de naranja", "nombre": "Nectar de naranja sin azucar anadida Carrefour 1 l.", "imagen_src": "https://static.carrefour.es/hd_350x_/img_pim_food/670946_00_1.jpg", "precio_peso": "0,70 \u20ac/l", "precio": "0,70 \u20ac", "oferta": "", "supermercado": "Carrefour"},
{"query": "N\u00e9ctar de naranja", "nombre": "Nectar de naranja Granini botella 1,5 l.", "imagen_src": "https://static.carrefour.es/hd_350x_/img_pim_food/641821_00_1.jpg", "precio_peso": "2,17 \u20ac/l", "precio": "3,25 \u20ac", "oferta": "", "supermercado": "Carrefour"},
{"query": "N\u00e9ctar de naranja", "nombre": "", "imagen_src": "https://static.carrefour.es/hd_350x_/img_pim_food/670947_00_1.jpg", "precio_peso": "1,18 \u20ac/l", "precio": "1,42 \u20ac", "oferta": "", "supermercado": "Carrefour"},
{"query": "N\u00e9ctar de naranja", "nombre": "", "imagen_src": "https://static.carrefour.es/hd_350x_/img_pim_food/020871_00_1.jpg", "precio_peso": "2,39 \u20ac/l", "precio": "2,39 \u20ac", "oferta": "", "supermercado": "Carrefour"},
],
[
{"query": "N\u00e9ctar de melocot\u00f3n", "nombre": "Nectar de melocoton y uva Carrefour brik 1 l.", "imagen_src": "https://static.carrefour.es/hd_350x_/img_pim_food/865501_00_1.jpg", "precio_peso": "0,77 \u20ac/l", "precio": "0,77 \u20ac", "oferta": "", "supermercado": "Carrefour"},
{"query": "N\u00e9ctar de melocot\u00f3n", "nombre": "Nectar de melocoton Granini botella 1,5 l.", "imagen_src": "https://static.carrefour.es/hd_350x_/img_pim_food/641823_00_1.jpg", "precio_peso": "2,03 \u20ac/l", "precio": "3,05 \u20ac", "oferta": "", "supermercado": "Carrefour"},
{"query": "N\u00e9ctar de melocot\u00f3n", "nombre": "Nectar de melocoton Granini botella 1 l.", "imagen_src": "https://static.carrefour.es/hd_350x_/img_pim_food/020870_00_1.jpg", "precio_peso": "2,29 \u20ac/l", "precio": "2,29 \u20ac", "oferta": "", "supermercado": "Carrefour"},
{"query": "N\u00e9ctar de melocot\u00f3n", "nombre": "Nectar de melocoton Juver sin azucar anadido brik 2 l.", "imagen_src": "https://static.carrefour.es/hd_350x_/img_pim_food/231411_00_1.jpg", "precio_peso": "1,34 \u20ac/l", "precio": "2,69 \u20ac", "oferta": "", "supermercado": "Carrefour"},
{"query": "N\u00e9ctar de melocot\u00f3n", "nombre": "", "imagen_src": "https://static.carrefour.es/hd_350x_/img_pim_food/674932_00_1.jpg", "precio_peso": "1,70 \u20ac/l", "precio": "1,70 \u20ac", "oferta": "", "supermercado": "Carrefour"},
],
[
{"query": "N\u00e9ctar de maracuy\u00e1", "nombre": "Nectar de maracuya Carrefour brik 1 l.", "imagen_src": "https://static.carrefour.es/hd_350x_/img_pim_food/865489_00_1.jpg", "precio_peso": "0,90 \u20ac/l", "precio": "0,90 \u20ac", "oferta": "", "supermercado": "Carrefour"},
{"query": "N\u00e9ctar de maracuy\u00e1", "nombre": "Nectar de maracuya Don Simon botella 1,5 l.", "imagen_src": "https://static.carrefour.es/hd_350x_/img_pim_food/310237_00_1.jpg", "precio_peso": "1,29 \u20ac/l", "precio": "1,94 \u20ac", "oferta": "", "supermercado": "Carrefour"},
],
[
{"query": "N\u00e9ctar de albaricoque", "nombre": "Aceite corporal con aceites de argan y albaricoque ecologico Nectar Of Bio Les Cosmetiques 100 ml.", "imagen_src": "https://static.carrefour.es/hd_350x_/img_pim_food/477385_00_1.jpg", "precio_peso": "3,99 \u20ac/100ml", "precio": "3,99 \u20ac", "oferta": "", "supermercado": "Carrefour"},
{"query": "N\u00e9ctar de albaricoque", "nombre": "Crema de manos con aceite de albaricoque Nectar of Beauty Les Comestiques 100 ml.", "imagen_src": "https://static.carrefour.es/hd_350x_/img_pim_food/599318_00_1.jpg", "precio_peso": "2,09 \u20ac/100ml", "precio": "2,09 \u20ac", "oferta": "", "supermercado": "Carrefour"},
],
[
{"query": "Co\u00f1ac", "nombre": "Bebida espirituosa Veterano 1 l.", "imagen_src": "https://static.carrefour.es/hd_350x_/img_pim_food/256299_00_1.jpg", "precio_peso": "8,70 \u20ac/l", "precio": "8,70 \u20ac", "oferta": "", "supermercado": "Carrefour"},
{"query": "Co\u00f1ac", "nombre": "Bebida espirituosa Terry Centenario 1 l.", "imagen_src": "https://static.carrefour.es/hd_350x_/img_pim_food/819231_00_1.jpg", "precio_peso": "9,35 \u20ac/l", "precio": "9,35 \u20ac", "oferta": "", "supermercado": "Carrefour"},
{"query": "Co\u00f1ac", "nombre": "Bebida Espirituosa Altorreal 1 l.", "imagen_src": "https://static.carrefour.es/hd_350x_/img_pim_food/610431_00_1.jpg", "precio_peso": "5,71 \u20ac/l", "precio": "5,71 \u20ac", "oferta": "", "supermercado": "Carrefour"},
{"query": "Co\u00f1ac", "nombre": "Conac Henri Mounier VS 70 cl.", "imagen_src": "https://static.carrefour.es/hd_350x_/img_pim_food/178234_00_1.jpg", "precio_peso": "36,71 \u20ac/l", "precio": "25,70 \u20ac", "oferta": "", "supermercado": "Carrefour"},
{"query": "Co\u00f1ac", "nombre": "", "imagen_src": "https://static.carrefour.es/hd_350x_/img_pim_food/000409_00_1.jpg", "precio_peso": "", "precio": "", "oferta": "", "supermercado": "Carrefour"},
{"query": "Co\u00f1ac", "nombre": "", "imagen_src": "https://static.carrefour.es/hd_350x_/img_pim_food/000404_00_2_Bodega.jpg", "precio_peso": "", "precio": "", "oferta": "", "supermercado": "Carrefour"},
],
[
{"query": "Cerveza oscura", "nombre": "Cerveza Mahou Maestra Dunkel lager oscura botella 33 cl.", "imagen_src": "https://static.carrefour.es/hd_350x_/img_pim_food/061017_00_1.jpg", "precio_peso": "3,97 \u20ac/l", "precio": "1,31 \u20ac", "oferta": "", "supermercado": "Carrefour"},
{"query": "Cerveza oscura", "nombre": "Ron Puntacana Oscuro (70 Cl)", "imagen_src": "https://static.carrefour.es/hd_350x_/imagenes/products/74668/71104/415/7466871104415/imagenGrande1.jpg", "precio_peso": "", "precio": "51,82 \u20ac", "oferta": "", "supermercado": "Carrefour"},
],
[
{"query": "Cerveza rubia", "nombre": "Cerveza rubia Damm Inedit botella 75 cl.", "imagen_src": "https://static.carrefour.es/hd_350x_/img_pim_food/256868_00_1.jpg", "precio_peso": "4,79 \u20ac/l", "precio": "3,59 \u20ac", "oferta": "", "supermercado": "Carrefour"},
{"query": "Cerveza rubia", "nombre": "Cerveza rubia Estrella Damm mediterranea pack de 12 latas de 33 cl.", "imagen_src": "https://static.carrefour.es/hd_350x_/img_pim_food/455117_00_1.jpg", "precio_peso": "1,77 \u20ac/l", "precio": "6,99 \u20ac", "oferta": "", "supermercado": "Carrefour"},
{"query": "Cerveza rubia", "nombre": "Cerveza rubia Heineken Lager pack 12 botellas 25 cl.", "imagen_src": "https://static.carrefour.es/hd_350x_/img_pim_food/672150_00_1.jpg", "precio_peso": "2,06 \u20ac/l", "precio": "6,19 \u20ac", "oferta": "", "supermercado": "Carrefour"},
{"query": "Cerveza rubia", "nombre": "Cerveza rubia Heineken Lager pack de 6 botellas de 25 cl.", "imagen_src": "https://static.carrefour.es/hd_350x_/img_pim_food/000156_00_1.jpg", "precio_peso": "2,57 \u20ac/l", "precio": "3,85 \u20ac", "oferta": "", "supermercado": "Carrefour"},
{"query": "Cerveza rubia", "nombre": "", "imagen_src": "https://static.carrefour.es/hd_350x_/img_pim_food/158987_00_1.jpg", "precio_peso": "", "precio": "", "oferta": "", "supermercado": "Carrefour"},
{"query": "Cerveza rubia", "nombre": "", "imagen_src": "https://static.carrefour.es/hd_350x_/img_pim_food/000138_00_1.jpg", "precio_peso": "", "precio": "", "oferta": "", "supermercado": "Carrefour"},
],
[
],
[
{"query": "Vino tinto", "nombre": "Vino D.O. Mancha tinto tempranillo Vina Lobon 75 cl.", "imagen_src": "https://static.carrefour.es/hd_350x_/img_pim_food/883635_00_1.jpg", "precio_peso": "1,28 \u20ac/ud", "precio": "1,28 \u20ac", "oferta": "", "supermercado": "Carrefour"},
{"query": "Vino tinto", "nombre": "Coto Tinto Crianza 2018", "imagen_src": "https://static.carrefour.es/hd_350x_/img_pim_food/033291_00_2_Bodega.jpg", "precio_peso": "5,79 \u20ac/ud", "precio": "5,79 \u20ac", "oferta": "", "supermercado": "Carrefour"},
{"query": "Vino tinto", "nombre": "Vino tinto joven Fuentevina Tirilla Vendimia Seleccionada 75 cl.", "imagen_src": "https://static.carrefour.es/hd_350x_/img_pim_food/936335_00_1.jpg", "precio_peso": "1,32 \u20ac/l", "precio": "0,99 \u20ac", "oferta": "", "supermercado": "Carrefour"},
{"query": "Vino tinto", "nombre": "Estuche 2 Bot. Protos Tinto Roble 2020", "imagen_src": "https://static.carrefour.es/hd_350x_/img_pim_food/679284_00_2_Bodega.jpg", "precio_peso": "15,50 \u20ac/ud", "precio": "15,50 \u20ac", "oferta": "", "supermercado": "Carrefour"},
{"query": "Vino tinto", "nombre": "", "imagen_src": "https://static.carrefour.es/hd_350x_/img_pim_food/033343_00_2_Bodega.jpg", "precio_peso": "", "precio": "", "oferta": "", "supermercado": "Carrefour"},
{"query": "Vino tinto", "nombre": "", "imagen_src": "https://static.carrefour.es/hd_350x_/img_pim_food/513382_00_1.jpg", "precio_peso": "", "precio": "", "oferta": "", "supermercado": "Carrefour"},
],
[
{"query": "Vino blanco", "nombre": "Vino blanco brik 1 l.", "imagen_src": "https://static.carrefour.es/hd_350x_/img_pim_food/029332_00_1.jpg", "precio_peso": "0,78 \u20ac/l", "precio": "0,78 \u20ac", "oferta": "", "supermercado": "Carrefour"},
{"query": "Vino blanco", "nombre": "Vino blanco verdejo Estilete D.O. Rueda 75 cl.", "imagen_src": "https://static.carrefour.es/hd_350x_/img_pim_food/871997_00_1.jpg", "precio_peso": "1,99 \u20ac/ud", "precio": "1,99 \u20ac", "oferta": "", "supermercado": "Carrefour"},
{"query": "Vino blanco", "nombre": "Vino blanco joven macabeo Carrefour Vendimia Seleccionada V.T. Extremadura 1 l.", "imagen_src": "https://static.carrefour.es/hd_350x_/img_pim_food/513373_00_1.jpg", "precio_peso": "0,90 \u20ac/l", "precio": "0,90 \u20ac", "oferta": "", "supermercado": "Carrefour"},
{"query": "Vino blanco", "nombre": "Protos Verdejo Blanco 2021", "imagen_src": "https://static.carrefour.es/hd_350x_/img_pim_food/714791_00_2_Bodega.jpg", "precio_peso": "6,50 \u20ac/ud", "precio": "6,50 \u20ac", "oferta": "", "supermercado": "Carrefour"},
{"query": "Vino blanco", "nombre": "", "imagen_src": "https://static.carrefour.es/hd_350x_/img_pim_food/016013_00_2_Bodega.jpg", "precio_peso": "", "precio": "", "oferta": "", "supermercado": "Carrefour"},
{"query": "Vino blanco", "nombre": "", "imagen_src": "https://static.carrefour.es/hd_350x_/img_pim_food/004060_00_1.jpg", "precio_peso": "", "precio": "", "oferta": "", "supermercado": "Carrefour"},
],
[
{"query": "Vino rosado", "nombre": "Vino D.O. Valdepenas Rosado tempranillo Vina Lobon 75 cl.", "imagen_src": "https://static.carrefour.es/hd_350x_/img_pim_food/267925_00_1.jpg", "precio_peso": "1,09 \u20ac/ud", "precio": "1,09 \u20ac", "oferta": "", "supermercado": "Carrefour"},
{"query": "Vino rosado", "nombre": "Vino rosado Clarete Carrizal D.O.Ca Rioja 75 cl.", "imagen_src": "https://static.carrefour.es/hd_350x_/img_pim_food/895523_00_1.jpg", "precio_peso": "3,20 \u20ac/ud", "precio": "3,20 \u20ac", "oferta": "", "supermercado": "Carrefour"},
{"query": "Vino rosado", "nombre": "Penascal Joven", "imagen_src": "https://static.carrefour.es/hd_350x_/img_pim_food/000234_00_1_Bodega.jpg", "precio_peso": "3,25 \u20ac/ud", "precio": "3,25 \u20ac", "oferta": "", "supermercado": "Carrefour"},
{"query": "Vino rosado", "nombre": "Vino rosado joven tempranillo ecologico Coral de Penascal V.T. Castilla y Leon 75 cl.", "imagen_src": "https://static.carrefour.es/hd_350x_/img_pim_food/652852_00_1.jpg", "precio_peso": "5,15 \u20ac/ud", "precio": "5,15 \u20ac", "oferta": "", "supermercado": "Carrefour"},
{"query": "Vino rosado", "nombre": "", "imagen_src": "https://static.carrefour.es/hd_350x_/img_pim_food/493470_00_1.jpg", "precio_peso": "", "precio": "", "oferta": "", "supermercado": "Carrefour"},
{"query": "Vino rosado", "nombre": "", "imagen_src": "https://static.carrefour.es/hd_350x_/img_pim_food/028731_00_1.jpg", "precio_peso": "", "precio": "", "oferta": "", "supermercado": "Carrefour"},
],
[
{"query": "Limoncello", "nombre": "Licor limoncello Villa Massa 70 cl.", "imagen_src": "https://static.carrefour.es/hd_350x_/img_pim_food/595883_00_1.jpg", "precio_peso": "18,99 \u20ac/l", "precio": "13,29 \u20ac", "oferta": "", "supermercado": "Carrefour"},
{"query": "Limoncello", "nombre": "Licor limoncello Carrefour 50 cl.", "imagen_src": "https://static.carrefour.es/hd_350x_/img_pim_food/588810_00_1.jpg", "precio_peso": "8,78 \u20ac/l", "precio": "4,39 \u20ac", "oferta": "", "supermercado": "Carrefour"},
],
[
],
[
{"query": "Soda", "nombre": "Soda Geiser sifon 1,5 l.", "imagen_src": "https://static.carrefour.es/hd_350x_/img_pim_food/395219_00_1.jpg", "precio_peso": "1,18 \u20ac/l", "precio": "1,77 \u20ac", "oferta": "", "supermercado": "Carrefour"},
{"query": "Soda", "nombre": "Soda Schweppes botella 25 cl.", "imagen_src": "https://static.carrefour.es/hd_350x_/img_pim_food/445443_00_1.jpg", "precio_peso": "3,96 \u20ac/l", "precio": "0,99 \u20ac", "oferta": "", "supermercado": "Carrefour"},
{"query": "Soda", "nombre": "Bitter soda Cinzano pack de 3 botellas de 200 ml.", "imagen_src": "https://static.carrefour.es/hd_350x_/img_pim_food/003788_00_1.jpg", "precio_peso": "10,98 \u20ac/l", "precio": "6,59 \u20ac", "oferta": "", "supermercado": "Carrefour"},
{"query": "Soda", "nombre": "Maquina de Soda PHILIPS Lite", "imagen_src": "https://static.carrefour.es/hd_350x_/crs/cdn_static/catalog/hd/729287_00_1.jpg", "precio_peso": "", "precio": "79,90 \u20ac", "oferta": "", "supermercado": "Carrefour"},
{"query": "Soda", "nombre": "", "imagen_src": "https://static.carrefour.es/hd_350x_/img_pim_food/820171_00_1.jpg", "precio_peso": "", "precio": "", "oferta": "", "supermercado": "Carrefour"},
{"query": "Soda", "nombre": "", "imagen_src": "https://static.carrefour.es/hd_350x_/imagenes/products/40088/38343/685/4008838343685/imagenGrande1.jpg", "precio_peso": "", "precio": "", "oferta": "", "supermercado": "Carrefour"},
],
[
{"query": "Germen de trigo", "nombre": "Germen De Trigo 1000 Mg 30 Perlas Naturmil", "imagen_src": "https://static.carrefour.es/hd_350x_/imagenes/products/56054/81507/076/5605481507076/imagenGrande1.jpg", "precio_peso": "", "precio": "8,44 \u20ac", "oferta": "", "supermercado": "Carrefour"},
{"query": "Germen de trigo", "nombre": "Germen De Trigo 125 Perlas Naturlider", "imagen_src": "https://static.carrefour.es/hd_350x_/imagenes/products/84351/10810/362/8435110810362/imagenGrande1.jpg", "precio_peso": "", "precio": "13,76 \u20ac", "oferta": "", "supermercado": "Carrefour"},
{"query": "Germen de trigo", "nombre": "Germen De Trigo 90 Perlas Golden", "imagen_src": "https://static.carrefour.es/hd_350x_/imagenes/products/84615/75928/700/8461575928700/imagenGrande1.jpg", "precio_peso": "", "precio": "13,19 \u20ac", "oferta": "", "supermercado": "Carrefour"},
{"query": "Germen de trigo", "nombre": "Aceite corporal esenciales argan & germen de trigo e hidrata y nutre para cara, cabello y cuerpo Les Cosmetiques 30 ml.", "imagen_src": "https://static.carrefour.es/hd_350x_/img_pim_food/568068_00_1.jpg", "precio_peso": "16,50 \u20ac/100ml", "precio": "4,95 \u20ac", "oferta": "", "supermercado": "Carrefour"},
{"query": "Germen de trigo", "nombre": "", "imagen_src": "https://static.carrefour.es/hd_350x_/imagenes/products/84360/44514/296/8436044514296/imagenGrande1.jpg", "precio_peso": "", "precio": "13,10 \u20ac", "oferta": "", "supermercado": "Carrefour"},
{"query": "Germen de trigo", "nombre": "", "imagen_src": "https://static.carrefour.es/hd_350x_/imagenes/products/84365/53163/008/8436553163008/imagenGrande1.jpg", "precio_peso": "", "precio": "28,80 \u20ac", "oferta": "", "supermercado": "Carrefour"},
],
[
{"query": "Harina de centeno", "nombre": "Harina integral de centeno Carrefour Extra 1 kg.", "imagen_src": "https://static.carrefour.es/hd_350x_/img_pim_food/024548_00_1.jpg", "precio_peso": "2,39 \u20ac/kg", "precio": "2,39 \u20ac", "oferta": "", "supermercado": "Carrefour"},
{"query": "Harina de centeno", "nombre": "Harina de centeno integral ecologica Carrefour 500 g.", "imagen_src": "https://static.carrefour.es/hd_350x_/img_pim_food/859440_00_1.jpg", "precio_peso": "3,02 \u20ac/kg", "precio": "1,51 \u20ac", "oferta": "", "supermercado": "Carrefour"},
{"query": "Harina de centeno", "nombre": "Galletas con harina de centeno y espelta, con quinoa, chia y lino Cereales Milenarios Chiquilin Artiach 260 g.", "imagen_src": "https://static.carrefour.es/hd_350x_/img_pim_food/828521_00_1.jpg", "precio_peso": "10,96 \u20ac/kg", "precio": "2,85 \u20ac", "oferta": "", "supermercado": "Carrefour"},
],
[
{"query": "Harina de trigo integral", "nombre": "Harina de trigo integral Carrefour 1 kg.", "imagen_src": "https://static.carrefour.es/hd_350x_/img_pim_food/851304_00_1.jpg", "precio_peso": "0,93 \u20ac/kg", "precio": "0,93 \u20ac", "oferta": "", "supermercado": "Carrefour"},
{"query": "Harina de trigo integral", "nombre": "Harina de trigo espelta integral Gallo Nature 1 kg.", "imagen_src": "https://static.carrefour.es/hd_350x_/img_pim_food/208991_00_1.jpg", "precio_peso": "2,59 \u20ac/kg", "precio": "2,59 \u20ac", "oferta": "", "supermercado": "Carrefour"},
{"query": "Harina de trigo integral", "nombre": "Harina de trigo integral ecologica Carrefour 500 g.", "imagen_src": "https://static.carrefour.es/hd_350x_/img_pim_food/859441_00_1.jpg", "precio_peso": "1,98 \u20ac/kg", "precio": "0,99 \u20ac", "oferta": "", "supermercado": "Carrefour"},
{"query": "Harina de trigo integral", "nombre": "Harina de trigo integral Gallo 1 kg.", "imagen_src": "https://static.carrefour.es/hd_350x_/img_pim_food/673965_00_1.jpg", "precio_peso": "1,75 \u20ac/kg", "precio": "1,75 \u20ac", "oferta": "", "supermercado": "Carrefour"},
{"query": "Harina de trigo integral", "nombre": "", "imagen_src": "https://static.carrefour.es/hd_350x_/img_pim_food/963722_00_1.jpg", "precio_peso": "", "precio": "1,40 \u20ac", "oferta": "", "supermercado": "Carrefour"},
{"query": "Harina de trigo integral", "nombre": "", "imagen_src": "https://static.carrefour.es/hd_350x_/img_pim_food/312939_00_1.jpg", "precio_peso": "", "precio": "1,72 \u20ac", "oferta": "", "supermercado": "Carrefour"},
],
[
{"query": "Ma\u00edz en mazorca", "nombre": "Maiz cocido mini mazorca Huercasa 400 g", "imagen_src": "https://static.carrefour.es/hd_350x_/img_pim_food/943530_00_1.jpg", "precio_peso": "4,72 \u20ac/kg", "precio": "1,89 \u20ac", "oferta": "", "supermercado": "Carrefour"},
{"query": "Ma\u00edz en mazorca", "nombre": "Mazorca maiz granel 1 kg aprox", "imagen_src": "https://static.carrefour.es/hd_350x_/img_pim_food/286042_00_1.jpg", "precio_peso": "2,19 \u20ac/kg", "precio": "2,19 \u20ac", "oferta": "", "supermercado": "Carrefour"},
{"query": "Ma\u00edz en mazorca", "nombre": "Trixie Mazorcas De Maiz, 300 G", "imagen_src": "https://static.carrefour.es/hd_350x_/imagenes/products/40119/05602/899/4011905602899/imagenGrande1.jpg", "precio_peso": "", "precio": "4,07 \u20ac", "oferta": "", "supermercado": "Carrefour"},
{"query": "Ma\u00edz en mazorca", "nombre": "Mazorcas de Maiz para Hamster 2 uds", "imagen_src": "https://static.carrefour.es/hd_350x_/crs/cdn_static/catalog/hd/879998_00_1.jpg", "precio_peso": "", "precio": "1,93 \u20ac", "oferta": "", "supermercado": "Carrefour"},
],
[
{"query": "Pasta", "nombre": "Espirales vegetales Carrefour 500 g.", "imagen_src": "https://static.carrefour.es/hd_350x_/img_pim_food/228697_00_1.jpg", "precio_peso": "1,76 \u20ac/kg", "precio": "0,88 \u20ac", "oferta": "", "supermercado": "Carrefour"},
{"query": "Pasta", "nombre": "Macarrones Carrefour 1 kg.", "imagen_src": "https://static.carrefour.es/hd_350x_/img_pim_food/226607_00_1.jpg", "precio_peso": "1,20 \u20ac/kg", "precio": "1,20 \u20ac", "oferta": "", "supermercado": "Carrefour"},
{"query": "Pasta", "nombre": "Espaguetis Carrefour 1 kg.", "imagen_src": "https://static.carrefour.es/hd_350x_/img_pim_food/226608_00_1.jpg", "precio_peso": "1,20 \u20ac/kg", "precio": "1,20 \u20ac", "oferta": "", "supermercado": "Carrefour"},
{"query": "Pasta", "nombre": "Espirales tricolor Carrefour 1 kg.", "imagen_src": "https://static.carrefour.es/hd_350x_/img_pim_food/325857_00_1.jpg", "precio_peso": "1,42 \u20ac/kg", "precio": "1,42 \u20ac", "oferta": "", "supermercado": "Carrefour"},
{"query": "Pasta", "nombre": "", "imagen_src": "https://static.carrefour.es/hd_350x_/img_pim_food/982057_00_1.jpg", "precio_peso": "", "precio": "", "oferta": "", "supermercado": "Carrefour"},
{"query": "Pasta", "nombre": "", "imagen_src": "https://static.carrefour.es/hd_350x_/img_pim_food/229700_00_1.jpg", "precio_peso": "", "precio": "", "oferta": "", "supermercado": "Carrefour"},
],
[
{"query": "Arroz hinchado", "nombre": "Arroz hinchado de chocolate Carrefour Bio 375 g.", "imagen_src": "https://static.carrefour.es/hd_350x_/img_pim_food/659806_00_1.jpg", "precio_peso": "8,13 \u20ac/kg", "precio": "3,05 \u20ac", "oferta": "", "supermercado": "Carrefour"},
{"query": "Arroz hinchado", "nombre": "Cereales de arroz inflado Choco Rice Carrefour Classic 500 g.", "imagen_src": "https://static.carrefour.es/hd_350x_/img_pim_food/598241_00_1.jpg", "precio_peso": "3,10 \u20ac/kg", "precio": "1,55 \u20ac", "oferta": "", "supermercado": "Carrefour"},
{"query": "Arroz hinchado", "nombre": "Cereales de maiz y arroz inflado sin azucar Chocozero Esgir sin gluten 300 g.", "imagen_src": "https://static.carrefour.es/hd_350x_/img_pim_food/486677_00_1.jpg", "precio_peso": "7,63 \u20ac/kg", "precio": "2,29 \u20ac", "oferta": "", "supermercado": "Carrefour"},
{"query": "Arroz hinchado", "nombre": "Galletas de arroz inflado rellenas de chocolate con avellanas ecologicas Carrefour Bio sin gluten 120 g.", "imagen_src": "https://static.carrefour.es/hd_350x_/img_pim_food/939058_00_1.jpg", "precio_peso": "18,25 \u20ac/kg", "precio": "2,19 \u20ac", "oferta": "", "supermercado": "Carrefour"},
{"query": "Arroz hinchado", "nombre": "", "imagen_src": "https://static.carrefour.es/hd_350x_/img_pim_food/389599_00_1.jpg", "precio_peso": "", "precio": "", "oferta": "", "supermercado": "Carrefour"},
{"query": "Arroz hinchado", "nombre": "", "imagen_src": "https://static.carrefour.es/hd_350x_/imagenes/products/46025/33784/462/4602533784462/imagenGrande1.jpg", "precio_peso": "", "precio": "", "oferta": "", "supermercado": "Carrefour"},
],
[
{"query": "Tofu", "nombre": "Tofu natural ecologico Carrefour Bio 400 g.", "imagen_src": "https://static.carrefour.es/hd_350x_/img_pim_food/849926_00_1.jpg", "precio_peso": "4,97 \u20ac/kg", "precio": "1,99 \u20ac", "oferta": "", "supermercado": "Carrefour"},
{"query": "Tofu", "nombre": "Tofu natural ecologico Soria Natural sin gluten 250 g.", "imagen_src": "https://static.carrefour.es/hd_350x_/img_pim_food/161651_00_1.jpg", "precio_peso": "7,52 \u20ac/kg", "precio": "1,88 \u20ac", "oferta": "", "supermercado": "Carrefour"},
{"query": "Tofu", "nombre": "Tofu ahumado ecologico Soria Natural sin gluten 250 g.", "imagen_src": "https://static.carrefour.es/hd_350x_/img_pim_food/161655_00_1.jpg", "precio_peso": "8,40 \u20ac/kg", "precio": "2,10 \u20ac", "oferta": "", "supermercado": "Carrefour"},
{"query": "Tofu", "nombre": "Increible Tofu", "imagen_src": "https://static.carrefour.es/hd_350x_/imagenes/products/97884/17858/292/9788417858292/imagenGrande1.jpg", "precio_peso": "", "precio": "5,65 \u20ac", "oferta": "", "supermercado": "Carrefour"},
{"query": "Tofu", "nombre": "", "imagen_src": "https://static.carrefour.es/hd_350x_/imagenes/products/97884/20011/882/9788420011882/imagenGrande1.jpg", "precio_peso": "", "precio": "", "oferta": "", "supermercado": "Carrefour"},
{"query": "Tofu", "nombre": "", "imagen_src": "https://static.carrefour.es/hd_350x_/imagenes/products/97894/63596/121/9789463596121/imagenGrande1.jpg", "precio_peso": "", "precio": "", "oferta": "", "supermercado": "Carrefour"},
],
[
{"query": "Soja", "nombre": "Soja texturizada Carrefour 250 g.", "imagen_src": "https://static.carrefour.es/hd_350x_/img_pim_food/506701_00_1.jpg", "precio_peso": "7,40 \u20ac/g", "precio": "1,85 \u20ac", "oferta": "", "supermercado": "Carrefour"},
{"query": "Soja", "nombre": "Salsa de soja Heinz botella 150 ml.", "imagen_src": "https://static.carrefour.es/hd_350x_/img_pim_food/003068_00_1.jpg", "precio_peso": "13,67 \u20ac/l", "precio": "2,05 \u20ac", "oferta": "", "supermercado": "Carrefour"},
{"query": "Soja", "nombre": "Salsa de soja tradicional Tiger Khan sin gluten botella 150 ml.", "imagen_src": "https://static.carrefour.es/hd_350x_/img_pim_food/852575_00_1.jpg", "precio_peso": "11,60 \u20ac/l", "precio": "1,74 \u20ac", "oferta": "", "supermercado": "Carrefour"},
{"query": "Soja", "nombre": "Bebida de soja sabor chocolate con calcio Sensation Carrefour sin gluten brik 1 l.", "imagen_src": "https://static.carrefour.es/hd_350x_/img_pim_food/955593_00_1.jpg", "precio_peso": "0,99 \u20ac/l", "precio": "0,99 \u20ac", "oferta": "", "supermercado": "Carrefour"},
{"query": "Soja", "nombre": "", "imagen_src": "https://static.carrefour.es/hd_350x_/img_pim_food/898956_00_1.jpg", "precio_peso": "", "precio": "", "oferta": "", "supermercado": "Carrefour"},
{"query": "Soja", "nombre": "", "imagen_src": "https://static.carrefour.es/hd_350x_/img_pim_food/002227_00_1.jpg", "precio_peso": "", "precio": "", "oferta": "", "supermercado": "Carrefour"},
],
[
{"query": "Haba", "nombre": "Habas baby Carrefour 200 g.", "imagen_src": "https://static.carrefour.es/hd_350x_/img_pim_food/231894_00_1.jpg", "precio_peso": "4,30 \u20ac/kg", "precio": "0,86 \u20ac", "oferta": "", "supermercado": "Carrefour"},
{"query": "Haba", "nombre": "Semillas De Haba Aguadulce Selec. Acualonga", "imagen_src": "https://static.carrefour.es/hd_350x_/imagenes/products/84149/34000/142/8414934000142/imagenGrande1.jpg", "precio_peso": "", "precio": "2,24 \u20ac", "oferta": "", "supermercado": "Carrefour"},
{"query": "Haba", "nombre": "Rocalba Semilla Haba Aguadulce 1kg", "imagen_src": "https://static.carrefour.es/hd_350x_/imagenes/products/84237/37015/031/8423737015031/imagenGrande1.jpg", "precio_peso": "", "precio": "8,05 \u20ac", "oferta": "", "supermercado": "Carrefour"},
{"query": "Haba", "nombre": "Rocalba Semilla Haba Aguadulce 5kg", "imagen_src": "https://static.carrefour.es/hd_350x_/imagenes/products/84237/37020/158/8423737020158/imagenGrande1.jpg", "precio_peso": "", "precio": "32,05 \u20ac", "oferta": "", "supermercado": "Carrefour"},
{"query": "Haba", "nombre": "", "imagen_src": "https://static.carrefour.es/hd_350x_/imagenes/products/84237/37022/282/8423737022282/imagenGrande1.jpg", "precio_peso": "", "precio": "2,40 \u20ac", "oferta": "", "supermercado": "Carrefour"},
{"query": "Haba", "nombre": "", "imagen_src": "https://static.carrefour.es/hd_350x_/imagenes/products/84237/37030/409/8423737030409/imagenGrande1.jpg", "precio_peso": "", "precio": "8,05 \u20ac", "oferta": "", "supermercado": "Carrefour"},
],
[
{"query": "Soja fresca", "nombre": "Edamame vainas de soja Carrefour 500 g.", "imagen_src": "https://static.carrefour.es/hd_350x_/img_pim_food/442121_00_1.jpg", "precio_peso": "3,40 \u20ac/kg", "precio": "1,70 \u20ac", "oferta": "", "supermercado": "Carrefour"},
{"query": "Soja fresca", "nombre": "Preparado de soja sabor arandanos y frutos rojos Alpro sin gluten sin lactosa pack de 4 unidades de 125 g.", "imagen_src": "https://static.carrefour.es/hd_350x_/img_pim_food/855997_00_1.jpg", "precio_peso": "4,58 \u20ac/kg", "precio": "2,29 \u20ac", "oferta": "", "supermercado": "Carrefour"},
{"query": "Soja fresca", "nombre": "Cocktail de edamame y soja Carrefour doy pack 100 g.", "imagen_src": "https://static.carrefour.es/hd_350x_/img_pim_food/592636_00_1.jpg", "precio_peso": "13 \u20ac/kg", "precio": "1,30 \u20ac", "oferta": "", "supermercado": "Carrefour"},
{"query": "Soja fresca", "nombre": "Mix de edamame y soja tarina de 120 g", "imagen_src": "https://static.carrefour.es/hd_350x_/img_pim_food/470589_00_1.jpg", "precio_peso": "16,58 \u20ac/kg", "precio": "1,99 \u20ac", "oferta": "", "supermercado": "Carrefour"},
{"query": "Soja fresca", "nombre": "", "imagen_src": "https://static.carrefour.es/hd_350x_/img_pim_food/305128_00_1.jpg", "precio_peso": "", "precio": "", "oferta": "", "supermercado": "Carrefour"},
{"query": "Soja fresca", "nombre": "", "imagen_src": "https://static.carrefour.es/hd_350x_/img_pim_food/885751_00_1.jpg", "precio_peso": "", "precio": "", "oferta": "", "supermercado": "Carrefour"},
],
[
],
[
{"query": "Lenteja en conserva", "nombre": "Lentejas a la riojana Litoral sin gluten 425 g.", "imagen_src": "https://static.carrefour.es/hd_350x_/img_pim_food/003234_00_1.jpg", "precio_peso": "4,52 \u20ac/kg", "precio": "1,92 \u20ac", "oferta": "", "supermercado": "Carrefour"},
{"query": "Lenteja en conserva", "nombre": "Lentejas a la riojana Carrefour 430 g.", "imagen_src": "https://static.carrefour.es/hd_350x_/img_pim_food/228296_00_1.jpg", "precio_peso": "2,30 \u20ac/kg", "precio": "0,99 \u20ac", "oferta": "", "supermercado": "Carrefour"},
{"query": "Lenteja en conserva", "nombre": "Lentejas con verduras Litoral si gluten 425 g.", "imagen_src": "https://static.carrefour.es/hd_350x_/img_pim_food/766686_00_1.jpg", "precio_peso": "4,40 \u20ac/kg", "precio": "1,87 \u20ac", "oferta": "", "supermercado": "Carrefour"},
{"query": "Lenteja en conserva", "nombre": "Lentejas de la abuela Litoral sin gluten 435 g.", "imagen_src": "https://static.carrefour.es/hd_350x_/img_pim_food/134593_00_1.jpg", "precio_peso": "3,45 \u20ac/kg", "precio": "1,50 \u20ac", "oferta": "", "supermercado": "Carrefour"},
{"query": "Lenteja en conserva", "nombre": "", "imagen_src": "https://static.carrefour.es/hd_350x_/img_pim_food/851367_00_1.jpg", "precio_peso": "", "precio": "3,05 \u20ac", "oferta": "", "supermercado": "Carrefour"},
{"query": "Lenteja en conserva", "nombre": "", "imagen_src": "https://static.carrefour.es/hd_350x_/img_pim_food/094756_00_1.jpg", "precio_peso": "", "precio": "2,55 \u20ac", "oferta": "", "supermercado": "Carrefour"},
],
[
{"query": "S\u00e9samo semilla", "nombre": "Semillas de sesamo tostado ecologicas Carrefour Bio 450 g.", "imagen_src": "https://static.carrefour.es/hd_350x_/img_pim_food/080662_00_1.jpg", "precio_peso": "11,76 \u20ac/kg", "precio": "5,29 \u20ac", "oferta": "", "supermercado": "Carrefour"},
{"query": "S\u00e9samo semilla", "nombre": "Pan de molde integral con semillas de sesamo y lino Oroweat 590 g.", "imagen_src": "https://static.carrefour.es/hd_350x_/img_pim_food/728203_00_1.jpg", "precio_peso": "4,90 \u20ac/kg", "precio": "2,89 \u20ac", "oferta": "", "supermercado": "Carrefour"},
{"query": "S\u00e9samo semilla", "nombre": "Palitos de pan con semillas de girasol, sesamo y lino Carrefour pack de 2x90 g.", "imagen_src": "https://static.carrefour.es/hd_350x_/img_pim_food/290238_00_1.jpg", "precio_peso": "9,17 \u20ac/kg", "precio": "1,65 \u20ac", "oferta": "", "supermercado": "Carrefour"},
{"query": "S\u00e9samo semilla", "nombre": "Baguette con semillas de girasol lino y sesamo Carrefour Classic' sin gluten sin lactosa 175 g.", "imagen_src": "https://static.carrefour.es/hd_350x_/img_pim_food/550294_00_1.jpg", "precio_peso": "11,37 \u20ac/kg", "precio": "1,99 \u20ac", "oferta": "", "supermercado": "Carrefour"},
{"query": "S\u00e9samo semilla", "nombre": "", "imagen_src": "https://static.carrefour.es/hd_350x_/img_pim_food/268798_00_1.jpg", "precio_peso": "", "precio": "", "oferta": "", "supermercado": "Carrefour"},
{"query": "S\u00e9samo semilla", "nombre": "", "imagen_src": "https://static.carrefour.es/hd_350x_/imagenes/products/84105/79011/789/8410579011789/imagenGrande1.jpg", "precio_peso": "", "precio": "", "oferta": "", "supermercado": "Carrefour"},
],
[
{"query": "Yogur enriquecido natural", "nombre": "Yogur griego natural azucarado Carrefour Extra pack de 6 unidades de 125 g.", "imagen_src": "https://static.carrefour.es/hd_350x_/img_pim_food/621853_00_1.jpg", "precio_peso": "1,67 \u20ac/kg", "precio": "1,25 \u20ac", "oferta": "", "supermercado": "Carrefour"},
{"query": "Yogur enriquecido natural", "nombre": "Yogur griego natural Danone Oikos sin gluten pack de 4 unidades de 110 g.", "imagen_src": "https://static.carrefour.es/hd_350x_/img_pim_food/439280_00_1.jpg", "precio_peso": "4,98 \u20ac/kg", "precio": "2,19 \u20ac", "oferta": "", "supermercado": "Carrefour"},
{"query": "Yogur enriquecido natural", "nombre": "Yogur griego natural Carrefour 1 kg.", "imagen_src": "https://static.carrefour.es/hd_350x_/img_pim_food/985613_00_1.jpg", "precio_peso": "2,09 \u20ac/kg", "precio": "2,09 \u20ac", "oferta": "", "supermercado": "Carrefour"},
{"query": "Yogur enriquecido natural", "nombre": "Yogur griego azucarado natural Danone Oikos sin gluten pack de 4 unidades de 110 g.", "imagen_src": "https://static.carrefour.es/hd_350x_/img_pim_food/439291_00_1.jpg", "precio_peso": "4,98 \u20ac/kg", "precio": "2,19 \u20ac", "oferta": "", "supermercado": "Carrefour"},
{"query": "Yogur enriquecido natural", "nombre": "", "imagen_src": "https://static.carrefour.es/hd_350x_/img_pim_food/673393_00_1.jpg", "precio_peso": "", "precio": "", "oferta": "", "supermercado": "Carrefour"},
{"query": "Yogur enriquecido natural", "nombre": "", "imagen_src": "https://static.carrefour.es/hd_350x_/img_pim_food/204746_00_1.jpg", "precio_peso": "", "precio": "", "oferta": "", "supermercado": "Carrefour"},
],
[
],
[
{"query": "Yogur bebido natural azucarado", "nombre": "Yogur liquido natural azucarado Carrefour Classic' pack de 12 unidades de 100 g.", "imagen_src": "https://static.carrefour.es/hd_350x_/img_pim_food/437952_00_1.jpg", "precio_peso": "1,83 \u20ac/kg", "precio": "2,20 \u20ac", "oferta": "", "supermercado": "Carrefour"},
{"query": "Yogur bebido natural azucarado", "nombre": "Yogur L.Casei liquido azucarado natural Carrefour Classic' pack de 6 unidades de 100 g.", "imagen_src": "https://static.carrefour.es/hd_350x_/img_pim_food/904638_00_1.jpg", "precio_peso": "1,93 \u20ac/kg", "precio": "1,16 \u20ac", "oferta": "", "supermercado": "Carrefour"},
],
[
{"query": "Yogur desnatado con cereza y frambuesa", "nombre": "Yogur desnatado de manzana & pera, melocoton & mango, fresa & cereza y mora & frambuesa sin azucar anadido Sveltesse pack 4 unidades de 120 g.", "imagen_src": "https://static.carrefour.es/hd_350x_/img_pim_food/798997_00_1.jpg", "precio_peso": "4,48 \u20ac/kg", "precio": "2,15 \u20ac", "oferta": "", "supermercado": "Carrefour"},
],
[
{"query": "Yogur con frutas del bosque", "nombre": "Yogur de coco, fresa, frutos del bosque y macedonia Danone sin gluten pack de 8 unidades de 120 g.", "imagen_src": "https://static.carrefour.es/hd_350x_/img_pim_food/058825_00_1.jpg", "precio_peso": "2,34 \u20ac/kg", "precio": "2,25 \u20ac", "oferta": "", "supermercado": "Carrefour"},
{"query": "Yogur con frutas del bosque", "nombre": "Yogur desnatado de fresa, de pina, de limon y de frutas del bosque sin azucar anadido Carrefour Classic' pack de 8 unidades de 125 g.", "imagen_src": "https://static.carrefour.es/hd_350x_/img_pim_food/372715_00_1.jpg", "precio_peso": "1,45 \u20ac/kg", "precio": "1,45 \u20ac", "oferta": "", "supermercado": "Carrefour"},
{"query": "Yogur con frutas del bosque", "nombre": "Yogur bifidus desnatado con frutas de fresa, frutas del bosque, manzana y pera sin azucar anadido Carrefour Classic' pack de 8 unidades de 125 g.", "imagen_src": "https://static.carrefour.es/hd_350x_/img_pim_food/598995_00_1.jpg", "precio_peso": "1,99 \u20ac/kg", "precio": "1,99 \u20ac", "oferta": "", "supermercado": "Carrefour"},
{"query": "Yogur con frutas del bosque", "nombre": "Yogur cremoso con frutas del bosque Carrefour Sensation sin gluten 500 g", "imagen_src": "https://static.carrefour.es/hd_350x_/img_pim_food/017148_00_1.jpg", "precio_peso": "1,84 \u20ac/kg", "precio": "0,92 \u20ac", "oferta": "", "supermercado": "Carrefour"},
{"query": "Yogur con frutas del bosque", "nombre": "", "imagen_src": "https://static.carrefour.es/hd_350x_/img_pim_food/595388_00_1.jpg", "precio_peso": "", "precio": "", "oferta": "", "supermercado": "Carrefour"},
{"query": "Yogur con frutas del bosque", "nombre": "", "imagen_src": "https://static.carrefour.es/hd_350x_/img_pim_food/002943_00_1.jpg", "precio_peso": "", "precio": "", "oferta": "", "supermercado": "Carrefour"},
],
[
{"query": "Yogur con frutas", "nombre": "Yogur cremoso con frutas del bosque Carrefour Sensation sin gluten 500 g", "imagen_src": "https://static.carrefour.es/hd_350x_/img_pim_food/017148_00_1.jpg", "precio_peso": "1,84 \u20ac/kg", "precio": "0,92 \u20ac", "oferta": "", "supermercado": "Carrefour"},
{"query": "Yogur con frutas", "nombre": "Yogur bifidus desnatado con frutas de fresa, frutas del bosque, manzana y pera sin azucar anadido Carrefour Classic' pack de 8 unidades de 125 g.", "imagen_src": "https://static.carrefour.es/hd_350x_/img_pim_food/598995_00_1.jpg", "precio_peso": "1,99 \u20ac/kg", "precio": "1,99 \u20ac", "oferta": "", "supermercado": "Carrefour"},
{"query": "Yogur con frutas", "nombre": "Yogur de coco, fresa, frutos del bosque y macedonia Danone sin gluten pack de 8 unidades de 120 g.", "imagen_src": "https://static.carrefour.es/hd_350x_/img_pim_food/058825_00_1.jpg", "precio_peso": "2,34 \u20ac/kg", "precio": "2,25 \u20ac", "oferta": "", "supermercado": "Carrefour"},
{"query": "Yogur con frutas", "nombre": "Yogur desnatado con trozos de frutas de fresa, pina y frutas del bosque sin azucar anadido Carrefour pack de 12 unidades de 125 g.", "imagen_src": "https://static.carrefour.es/hd_350x_/img_pim_food/553826_00_1.jpg", "precio_peso": "1,77 \u20ac/kg", "precio": "2,65 \u20ac", "oferta": "", "supermercado": "Carrefour"},
{"query": "Yogur con frutas", "nombre": "", "imagen_src": "https://static.carrefour.es/hd_350x_/img_pim_food/372715_00_1.jpg", "precio_peso": "", "precio": "", "oferta": "", "supermercado": "Carrefour"},
{"query": "Yogur con frutas", "nombre": "", "imagen_src": "https://static.carrefour.es/hd_350x_/img_pim_food/595388_00_1.jpg", "precio_peso": "", "precio": "", "oferta": "", "supermercado": "Carrefour"},
],
[
{"query": "Yogur con frutas tropicales", "nombre": "Bolsita de fruta tropical Mi Fruta Hero 100 g.", "imagen_src": "https://static.carrefour.es/hd_350x_/img_pim_food/758355_00_1.jpg", "precio_peso": "9,90 \u20ac/kg", "precio": "0,99 \u20ac", "oferta": "", "supermercado": "Carrefour"},
],
[
{"query": "Yogur con manzana", "nombre": "Yogur griego bicapa de manzana y canela Carrefour sin gluten pack de 4 unidades de 125 g.", "imagen_src": "https://static.carrefour.es/hd_350x_/img_pim_food/847709_00_1.jpg", "precio_peso": "2,90 \u20ac/kg", "precio": "1,45 \u20ac", "oferta": "", "supermercado": "Carrefour"},
{"query": "Yogur con manzana", "nombre": "Yogur de manzana y fresa ecologica Hero Solo bolsita 100 g.", "imagen_src": "https://static.carrefour.es/hd_350x_/img_pim_food/486068_00_1.jpg", "precio_peso": "12,90 \u20ac/kg", "precio": "1,29 \u20ac", "oferta": "", "supermercado": "Carrefour"},
{"query": "Yogur con manzana", "nombre": "Yogur de manzana y platano ecologico Hero Solo bolsita 100 g.", "imagen_src": "https://static.carrefour.es/hd_350x_/img_pim_food/486066_00_1.jpg", "precio_peso": "12,90 \u20ac/kg", "precio": "1,29 \u20ac", "oferta": "", "supermercado": "Carrefour"},
{"query": "Yogur con manzana", "nombre": "Tarrito de manzana, platano y yogur desde 6 meses ecologico Hero Solo sin gluten 120 g.", "imagen_src": "https://static.carrefour.es/hd_350x_/img_pim_food/264574_00_1.jpg", "precio_peso": "11,58 \u20ac/kg", "precio": "1,39 \u20ac", "oferta": "", "supermercado": "Carrefour"},
{"query": "Yogur con manzana", "nombre": "", "imagen_src": "https://static.carrefour.es/hd_350x_/img_pim_food/312030_00_1.jpg", "precio_peso": "", "precio": "", "oferta": "", "supermercado": "Carrefour"},
{"query": "Yogur con manzana", "nombre": "", "imagen_src": "https://static.carrefour.es/hd_350x_/img_pim_food/798997_00_1.jpg", "precio_peso": "", "precio": "", "oferta": "", "supermercado": "Carrefour"},
],
[
{"query": "Yogur natural", "nombre": "Yogur natural Carrefour pack de 8 unidades de 125 g.", "imagen_src": "https://static.carrefour.es/hd_350x_/img_pim_food/441067_00_1.jpg", "precio_peso": "1,25 \u20ac/kg", "precio": "1,25 \u20ac", "oferta": "", "supermercado": "Carrefour"},
{"query": "Yogur natural", "nombre": "Yogur desnatado natural sin azucar anadido Carrefour Classic' pack de 4 unidades de 125 g.", "imagen_src": "https://static.carrefour.es/hd_350x_/img_pim_food/713836_00_1.jpg", "precio_peso": "1,18 \u20ac/kg", "precio": "0,59 \u20ac", "oferta": "", "supermercado": "Carrefour"},
{"query": "Yogur natural", "nombre": "Yogur natural Danone pack de 8 unidades de 120 g.", "imagen_src": "https://static.carrefour.es/hd_350x_/img_pim_food/002903_00_1.jpg", "precio_peso": "2,33 \u20ac/kg", "precio": "2,24 \u20ac", "oferta": "", "supermercado": "Carrefour"},
{"query": "Yogur natural", "nombre": "Yogur natural Danone pack de 4 unidades de 120 g.", "imagen_src": "https://static.carrefour.es/hd_350x_/img_pim_food/002901_00_1.jpg", "precio_peso": "2,69 \u20ac/kg", "precio": "1,29 \u20ac", "oferta": "", "supermercado": "Carrefour"},
{"query": "Yogur natural", "nombre": "", "imagen_src": "https://static.carrefour.es/hd_350x_/img_pim_food/440996_00_1.jpg", "precio_peso": "", "precio": "", "oferta": "", "supermercado": "Carrefour"},
{"query": "Yogur natural", "nombre": "", "imagen_src": "https://static.carrefour.es/hd_350x_/img_pim_food/549359_00_1.jpg", "precio_peso": "", "precio": "", "oferta": "", "supermercado": "Carrefour"},
],
[
{"query": "Yogur con melocot\u00f3n y maracuy\u00e1", "nombre": "Yogur cremoso con melocoton y maracuya Carrefour Sensation sin gluten 500 g.", "imagen_src": "https://static.carrefour.es/hd_350x_/img_pim_food/017703_00_1.jpg", "precio_peso": "1,84 \u20ac/kg", "precio": "0,92 \u20ac", "oferta": "", "supermercado": "Carrefour"},
{"query": "Yogur con melocot\u00f3n y maracuy\u00e1", "nombre": "Yogur bifidus liquido desnatado melocoton y maracuya Danone Activia 550 g.", "imagen_src": "https://static.carrefour.es/hd_350x_/img_pim_food/689201_00_1.jpg", "precio_peso": "4,53 \u20ac/kg", "precio": "2,49 \u20ac", "oferta": "", "supermercado": "Carrefour"},
{"query": "Yogur con melocot\u00f3n y maracuy\u00e1", "nombre": "Yogur griego bicapa de maracuya y de melocoton Carrefour pack de 4 unidades de 125 g.", "imagen_src": "https://static.carrefour.es/hd_350x_/img_pim_food/953647_00_1.jpg", "precio_peso": "2,90 \u20ac/kg", "precio": "1,45 \u20ac", "oferta": "", "supermercado": "Carrefour"},
{"query": "Yogur con melocot\u00f3n y maracuy\u00e1", "nombre": "Yogur bifidus desnatado con trozos de melocoton y maracuya sin azucar anadido Carrefour pack de 4 unidades de 125 g.", "imagen_src": "https://static.carrefour.es/hd_350x_/img_pim_food/953662_00_1.jpg", "precio_peso": "2,18 \u20ac/kg", "precio": "1,09 \u20ac", "oferta": "", "supermercado": "Carrefour"},
],
[
{"query": "Yogur natural azucarado", "nombre": "Yogur natural azucarado Carrefour Classic' pack de 8 unidades de 125 g.", "imagen_src": "https://static.carrefour.es/hd_350x_/img_pim_food/440996_00_1.jpg", "precio_peso": "1,25 \u20ac/kg", "precio": "1,25 \u20ac", "oferta": "", "supermercado": "Carrefour"},
{"query": "Yogur natural azucarado", "nombre": "Yogur griego natural azucarado Carrefour Extra pack de 6 unidades de 125 g.", "imagen_src": "https://static.carrefour.es/hd_350x_/img_pim_food/621853_00_1.jpg", "precio_peso": "1,67 \u20ac/kg", "precio": "1,25 \u20ac", "oferta": "", "supermercado": "Carrefour"},
{"query": "Yogur natural azucarado", "nombre": "Yogur azucarado natural Danone sin gluten pack de 8 unidades de 120 g.", "imagen_src": "https://static.carrefour.es/hd_350x_/img_pim_food/002904_00_1.jpg", "precio_peso": "2,33 \u20ac/kg", "precio": "2,24 \u20ac", "oferta": "", "supermercado": "Carrefour"},
{"query": "Yogur natural azucarado", "nombre": "Yogur natural azucarado Danone sin gluten pack de 4 unidades de 120 g.", "imagen_src": "https://static.carrefour.es/hd_350x_/img_pim_food/002902_00_1.jpg", "precio_peso": "2,69 \u20ac/kg", "precio": "1,29 \u20ac", "oferta": "", "supermercado": "Carrefour"},
{"query": "Yogur natural azucarado", "nombre": "", "imagen_src": "https://static.carrefour.es/hd_350x_/img_pim_food/633503_00_1.jpg", "precio_peso": "", "precio": "", "oferta": "", "supermercado": "Carrefour"},
{"query": "Yogur natural azucarado", "nombre": "", "imagen_src": "https://static.carrefour.es/hd_350x_/img_pim_food/437952_00_1.jpg", "precio_peso": "", "precio": "", "oferta": "", "supermercado": "Carrefour"},
],
[
],
[
{"query": "Yogur enriquecido", "nombre": "Yogur griego con stracciatella Carrefour Extra sin gluten pack de 6 unidades de 125 g.", "imagen_src": "https://static.carrefour.es/hd_350x_/img_pim_food/621836_00_1.jpg", "precio_peso": "2,12 \u20ac/kg", "precio": "1,59 \u20ac", "oferta": "", "supermercado": "Carrefour"},
{"query": "Yogur enriquecido", "nombre": "Yogur griego natural azucarado Carrefour Extra pack de 6 unidades de 125 g.", "imagen_src": "https://static.carrefour.es/hd_350x_/img_pim_food/621853_00_1.jpg", "precio_peso": "1,67 \u20ac/kg", "precio": "1,25 \u20ac", "oferta": "", "supermercado": "Carrefour"},
{"query": "Yogur enriquecido", "nombre": "Yogur griego con stracciatella Danone Oikos sin gluten pack de 4 unidades de 110 g.", "imagen_src": "https://static.carrefour.es/hd_350x_/img_pim_food/460102_00_1.jpg", "precio_peso": "5,41 \u20ac/kg", "precio": "2,38 \u20ac", "oferta": "", "supermercado": "Carrefour"},
{"query": "Yogur enriquecido", "nombre": "Yogur griego natural Danone Oikos sin gluten pack de 4 unidades de 110 g.", "imagen_src": "https://static.carrefour.es/hd_350x_/img_pim_food/439280_00_1.jpg", "precio_peso": "4,98 \u20ac/kg", "precio": "2,19 \u20ac", "oferta": "", "supermercado": "Carrefour"},
{"query": "Yogur enriquecido", "nombre": "", "imagen_src": "https://static.carrefour.es/hd_350x_/img_pim_food/985613_00_1.jpg", "precio_peso": "", "precio": "", "oferta": "", "supermercado": "Carrefour"},
{"query": "Yogur enriquecido", "nombre": "", "imagen_src": "https://static.carrefour.es/hd_350x_/img_pim_food/628189_00_1.jpg", "precio_peso": "", "precio": "", "oferta": "", "supermercado": "Carrefour"},
],
[
{"query": "Yogur l\u00edquido desnatado", "nombre": "Yogur liquido natural desnatado edulcorado sin azucar anadido Carrefour 1 kg.", "imagen_src": "https://static.carrefour.es/hd_350x_/img_pim_food/256892_00_1.jpg", "precio_peso": "1,30 \u20ac/kg", "precio": "1,30 \u20ac", "oferta": "", "supermercado": "Carrefour"},
{"query": "Yogur l\u00edquido desnatado", "nombre": "Yogur L.Casei liquido desnatado natural sin azucar anadido Danone - Actimel pack de 14 unidades de 100 g.", "imagen_src": "https://static.carrefour.es/hd_350x_/img_pim_food/007472_00_1.jpg", "precio_peso": "4,49 \u20ac/kg", "precio": "6,29 \u20ac", "oferta": "", "supermercado": "Carrefour"},
{"query": "Yogur l\u00edquido desnatado", "nombre": "Yogur de proteinas liquido desnatado sabor stracciatella sin azucar anadido Danone Yopro sin gluten sin lactosa 300 g.", "imagen_src": "https://static.carrefour.es/hd_350x_/img_pim_food/016055_00_1.jpg", "precio_peso": "7,63 \u20ac/kg", "precio": "2,29 \u20ac", "oferta": "", "supermercado": "Carrefour"},
{"query": "Yogur l\u00edquido desnatado", "nombre": "Yogur L.Casei liquido desnatado natural sin azucar anadido Danone - Actimel pack de 6 unidades de 100 g.", "imagen_src": "https://static.carrefour.es/hd_350x_/img_pim_food/354442_00_1.jpg", "precio_peso": "5,42 \u20ac/kg", "precio": "3,25 \u20ac", "oferta": "", "supermercado": "Carrefour"},
{"query": "Yogur l\u00edquido desnatado", "nombre": "", "imagen_src": "https://static.carrefour.es/hd_350x_/img_pim_food/904719_00_1.jpg", "precio_peso": "", "precio": "", "oferta": "", "supermercado": "Carrefour"},
{"query": "Yogur l\u00edquido desnatado", "nombre": "", "imagen_src": "https://static.carrefour.es/hd_350x_/img_pim_food/689183_00_1.jpg", "precio_peso": "", "precio": "", "oferta": "", "supermercado": "Carrefour"},
],
[
{"query": "Crema de almendras", "nombre": "Crema de almendra Sensation Carrefour sin gluten 200 g.", "imagen_src": "https://static.carrefour.es/hd_350x_/img_pim_food/598246_00_1.jpg", "precio_peso": "19,95 \u20ac/kg", "precio": "3,99 \u20ac", "oferta": "", "supermercado": "Carrefour"},
{"query": "Crema de almendras", "nombre": "Crema de almendras Almendrina 900 g.", "imagen_src": "https://static.carrefour.es/hd_350x_/img_pim_food/963626_00_1.jpg", "precio_peso": "7,32 \u20ac/kg", "precio": "6,59 \u20ac", "oferta": "", "supermercado": "Carrefour"},
{"query": "Crema de almendras", "nombre": "Crema de almendras crujiente ecologico Natruly sin gluten sin lactosa 300 g.", "imagen_src": "https://static.carrefour.es/hd_350x_/img_pim_food/414873_00_1.jpg", "precio_peso": "43,17 \u20ac/kg", "precio": "12,95 \u20ac", "oferta": "", "supermercado": "Carrefour"},
{"query": "Crema de almendras", "nombre": "Crema De Almendras 1kg", "imagen_src": "https://static.carrefour.es/hd_350x_/imagenes/products/84370/16914/458/8437016914458/imagenGrande1.jpg", "precio_peso": "", "precio": "20,92 \u20ac", "oferta": "", "supermercado": "Carrefour"},
{"query": "Crema de almendras", "nombre": "", "imagen_src": "https://static.carrefour.es/hd_350x_/imagenes/products/84370/16914/502/8437016914502/imagenGrande1.jpg", "precio_peso": "", "precio": "", "oferta": "", "supermercado": "Carrefour"},
{"query": "Crema de almendras", "nombre": "", "imagen_src": "https://static.carrefour.es/hd_350x_/imagenes/products/84452/25111/254/8445225111254/imagenGrande1.jpg", "precio_peso": "", "precio": "", "oferta": "", "supermercado": "Carrefour"},
],
[
{"query": "Yogur sabor vainilla", "nombre": "", "imagen_src": "https://static.carrefour.es/hd_350x_/img_pim_food/576265_00_1.jpg", "precio_peso": "7,34 \u20ac/kg", "precio": "2,35 \u20ac", "oferta": "", "supermercado": "Carrefour"},
{"query": "Yogur sabor vainilla", "nombre": "Yogur con vainilla ecologico Casa Grande de Xanceda pack de 2 unidades de 125 g.", "imagen_src": "https://static.carrefour.es/hd_350x_/img_pim_food/187342_00_1.jpg", "precio_peso": "8,20 \u20ac/kg", "precio": "2,05 \u20ac", "oferta": "", "supermercado": "Carrefour"},
{"query": "Yogur sabor vainilla", "nombre": "Yogur de fresa, de macedonia, de platano y de vainilla Danone pack de 16 unidades de 120 g.", "imagen_src": "https://static.carrefour.es/hd_350x_/img_pim_food/371137_00_1.jpg", "precio_peso": "34,58 \u20ac/kg", "precio": "4,15 \u20ac", "oferta": "", "supermercado": "Carrefour"},
{"query": "Yogur sabor vainilla", "nombre": "Preparado de soja sabor vainilla Alpro sin gluten sin lactosa 500 g.", "imagen_src": "https://static.carrefour.es/hd_350x_/img_pim_food/356839_00_1.jpg", "precio_peso": "4,58 \u20ac/kg", "precio": "2,29 \u20ac", "oferta": "", "supermercado": "Carrefour"},
{"query": "Yogur sabor vainilla", "nombre": "", "imagen_src": "https://static.carrefour.es/hd_350x_/img_pim_food/855992_00_1.jpg", "precio_peso": "", "precio": "", "oferta": "", "supermercado": "Carrefour"},
{"query": "Yogur sabor vainilla", "nombre": "", "imagen_src": "https://static.carrefour.es/hd_350x_/img_pim_food/088387_00_1.jpg", "precio_peso": "", "precio": "", "oferta": "", "supermercado": "Carrefour"},
],
[
{"query": "Yogur con fresas", "nombre": "Yogur con fresa Nestle La Lechera sin gluten pack de 2 unidades de 125 g.", "imagen_src": "https://static.carrefour.es/hd_350x_/img_pim_food/520946_00_1.jpg", "precio_peso": "3,96 \u20ac/kg", "precio": "0,99 \u20ac", "oferta": "", "supermercado": "Carrefour"},
{"query": "Yogur con fresas", "nombre": "Yogur cremoso con fresas Carrefour Sensation sin gluten 500 g.", "imagen_src": "https://static.carrefour.es/hd_350x_/img_pim_food/017705_00_1.jpg", "precio_peso": "1,44 \u20ac/kg", "precio": "0,72 \u20ac", "oferta": "", "supermercado": "Carrefour"},
{"query": "Yogur con fresas", "nombre": "Yogur con fresas ecologico Junior Casa Grande de Xanceda pack de 2 unidades de 125 g.", "imagen_src": "https://static.carrefour.es/hd_350x_/img_pim_food/187219_00_1.jpg", "precio_peso": "7,80 \u20ac/kg", "precio": "1,95 \u20ac", "oferta": "", "supermercado": "Carrefour"},
{"query": "Yogur con fresas", "nombre": "Yogur frutas con fresas Extra Carrefour sin gluten pack de 2 unidades de 125 g.", "imagen_src": "https://static.carrefour.es/hd_350x_/img_pim_food/720360_00_1.jpg", "precio_peso": "4,80 \u20ac/kg", "precio": "1,20 \u20ac", "oferta": "", "supermercado": "Carrefour"},
{"query": "Yogur con fresas", "nombre": "", "imagen_src": "https://static.carrefour.es/hd_350x_/img_pim_food/798992_00_1.jpg", "precio_peso": "", "precio": "", "oferta": "", "supermercado": "Carrefour"},
{"query": "Yogur con fresas", "nombre": "", "imagen_src": "https://static.carrefour.es/hd_350x_/img_pim_food/187325_00_1.jpg", "precio_peso": "", "precio": "", "oferta": "", "supermercado": "Carrefour"},
],
[
{"query": "Yogur l\u00edquido con frutas", "nombre": "Yogur bifidus liquido desnatado frutos silvestres Danone Activia 550 g.", "imagen_src": "https://static.carrefour.es/hd_350x_/img_pim_food/689191_00_1.jpg", "precio_peso": "4,71 \u20ac/kg", "precio": "2,59 \u20ac", "oferta": "", "supermercado": "Carrefour"},
{"query": "Yogur l\u00edquido con frutas", "nombre": "Yogur liquido de frutas del bosque Carrefour Classic' sin gluten 1,5 l.", "imagen_src": "https://static.carrefour.es/hd_350x_/img_pim_food/741166_00_1.jpg", "precio_peso": "1,33 \u20ac/l", "precio": "1,99 \u20ac", "oferta": "", "supermercado": "Carrefour"},
],
[
{"query": "Fuet", "nombre": "Fuet espetec curado 25% reducido en sal Casademont 170 g", "imagen_src": "https://static.carrefour.es/hd_350x_/img_pim_food/396156_00_1.jpg", "precio_peso": "11,71 \u20ac/kg", "precio": "1,99 \u20ac", "oferta": "", "supermercado": "Carrefour"},
{"query": "Fuet", "nombre": "Fuet espetec Carrefour El Mercado 210 g", "imagen_src": "https://static.carrefour.es/hd_350x_/img_pim_food/611098_00_1.jpg", "precio_peso": "9,76 \u20ac/kg", "precio": "2,05 \u20ac", "oferta": "", "supermercado": "Carrefour"},
{"query": "Fuet", "nombre": "Fuet casero El Pozo pack de 2 unidades de 150 g.", "imagen_src": "https://static.carrefour.es/hd_350x_/img_pim_food/710672_00_1.jpg", "precio_peso": "11,50 \u20ac/kg", "precio": "3,45 \u20ac", "oferta": "", "supermercado": "Carrefour"},
{"query": "Fuet", "nombre": "Fuet extra en lonchas Calidad y Origen Carrefour 100 g", "imagen_src": "https://static.carrefour.es/hd_350x_/img_pim_food/431248_00_1.jpg", "precio_peso": "17 \u20ac/kg", "precio": "1,70 \u20ac", "oferta": "", "supermercado": "Carrefour"},
{"query": "Fuet", "nombre": "", "imagen_src": "https://static.carrefour.es/hd_350x_/img_pim_food/698150_00_1.jpg", "precio_peso": "", "precio": "", "oferta": "", "supermercado": "Carrefour"},
{"query": "Fuet", "nombre": "", "imagen_src": "https://static.carrefour.es/hd_350x_/img_pim_food/122981_00_1.jpg", "precio_peso": "", "precio": "", "oferta": "", "supermercado": "Carrefour"},
],
[
{"query": "Calamar conserva", "nombre": "", "imagen_src": "https://static.carrefour.es/hd_350x_/img_pim_food/020172_00_1.jpg", "precio_peso": "19,10 \u20ac/kg", "precio": "2,75 \u20ac", "oferta": "", "supermercado": "Carrefour"},
{"query": "Calamar conserva", "nombre": "Calamares en su tinta Calvo pack de 3 unidades de 48 g.", "imagen_src": "https://static.carrefour.es/hd_350x_/img_pim_food/020173_00_1.jpg", "precio_peso": "19,10 \u20ac/kg", "precio": "2,75 \u20ac", "oferta": "", "supermercado": "Carrefour"},
{"query": "Calamar conserva", "nombre": "Calamares en su tinta Albo 72 g.", "imagen_src": "https://static.carrefour.es/hd_350x_/img_pim_food/028534_00_1.jpg", "precio_peso": "33,19 \u20ac/kg", "precio": "2,39 \u20ac", "oferta": "", "supermercado": "Carrefour"},
{"query": "Calamar conserva", "nombre": "Calamares en salsa americana Ribeira sin gluten pack de 3 unidades de 51 g.", "imagen_src": "https://static.carrefour.es/hd_350x_/img_pim_food/330944_00_1.jpg", "precio_peso": "14,31 \u20ac/kg", "precio": "2,19 \u20ac", "oferta": "", "supermercado": "Carrefour"},
{"query": "Calamar conserva", "nombre": "", "imagen_src": "https://static.carrefour.es/hd_350x_/img_pim_food/035302_00_1.jpg", "precio_peso": "", "precio": "", "oferta": "", "supermercado": "Carrefour"},
{"query": "Calamar conserva", "nombre": "", "imagen_src": "https://static.carrefour.es/hd_350x_/img_pim_food/027678_00_1.jpg", "precio_peso": "", "precio": "", "oferta": "", "supermercado": "Carrefour"},
],
[
{"query": "Guayaba ", "nombre": "", "imagen_src": "https://static.carrefour.es/hd_350x_/img_pim_food/855251_00_1.jpg", "precio_peso": "1,14 \u20ac/l", "precio": "1,14 \u20ac", "oferta": "", "supermercado": "Carrefour"},
{"query": "Guayaba ", "nombre": "Guayabo Fresa - 1ud. - Maceta De Tubo", "imagen_src": "https://static.carrefour.es/hd_350x_/imagenes/products/84292/82587/399/8429282587399/imagenGrande1.jpg", "precio_peso": "", "precio": "30,25 \u20ac", "oferta": "", "supermercado": "Carrefour"},
{"query": "Guayaba ", "nombre": "Agua con gas Perrier con zumo de limon y guayaba 250 ml", "imagen_src": "https://static.carrefour.es/hd_350x_/img_pim_food/485552_00_1.jpg", "precio_peso": "3,96 \u20ac/l", "precio": "0,99 \u20ac", "oferta": "", "supermercado": "Carrefour"},
{"query": "Guayaba ", "nombre": "Leggings Guayaba Desigual", "imagen_src": "https://static.carrefour.es/hd_350x_/imagenes/products/84344/86584/501/8434486584501/imagenGrande1.jpg", "precio_peso": "", "precio": "8,99 \u20ac", "oferta": "", "supermercado": "Carrefour"},
{"query": "Guayaba ", "nombre": "", "imagen_src": "https://static.carrefour.es/hd_350x_/imagenes/products/84344/86589/414/8434486589414/imagenGrande1.jpg", "precio_peso": "", "precio": "8,99 \u20ac", "oferta": "", "supermercado": "Carrefour"},
{"query": "Guayaba ", "nombre": "", "imagen_src": "https://static.carrefour.es/hd_350x_/imagenes/products/84355/45506/298/8435545506298/imagenGrande1.jpg", "precio_peso": "", "precio": "19,84 \u20ac", "oferta": "", "supermercado": "Carrefour"},
],
[
{"query": "Pi\u00f1a", "nombre": "Pina con zumo de pina en rodajas Carrefour 490 g.", "imagen_src": "https://static.carrefour.es/hd_350x_/img_pim_food/684977_00_1.jpg", "precio_peso": "3,67 \u20ac/kg", "precio": "1,80 \u20ac", "oferta": "", "supermercado": "Carrefour"},
{"query": "Pi\u00f1a", "nombre": "Pina golden ripe 2,5 Kg aprox", "imagen_src": "https://static.carrefour.es/hd_350x_/img_pim_food/181242_00_1.jpg", "precio_peso": "0,99 \u20ac/kg", "precio": "2,47 \u20ac", "oferta": "", "supermercado": "Carrefour"},
{"query": "Pi\u00f1a", "nombre": "Pina con zumo de pina en rodajas Carrefour pack de 3 unidades de 139 g.", "imagen_src": "https://static.carrefour.es/hd_350x_/img_pim_food/670622_00_1.jpg", "precio_peso": "5,60 \u20ac/kg", "precio": "2,35 \u20ac", "oferta": "", "supermercado": "Carrefour"},
{"query": "Pi\u00f1a", "nombre": "Pina en rodajas sin azucares anadidos Del Monte pack de 3 unidades de 140 g.", "imagen_src": "https://static.carrefour.es/hd_350x_/img_pim_food/009195_00_1.jpg", "precio_peso": "11,79 \u20ac/kg", "precio": "4,95 \u20ac", "oferta": "", "supermercado": "Carrefour"},
{"query": "Pi\u00f1a", "nombre": "", "imagen_src": "https://static.carrefour.es/hd_350x_/img_pim_food/754392_00_1.jpg", "precio_peso": "", "precio": "4,19 \u20ac", "oferta": "", "supermercado": "Carrefour"},
{"query": "Pi\u00f1a", "nombre": "", "imagen_src": "https://static.carrefour.es/hd_350x_/img_pim_food/009196_00_1.jpg", "precio_peso": "", "precio": "4,49 \u20ac", "oferta": "", "supermercado": "Carrefour"},
],
[
{"query": "Kefir", "nombre": "Kefir natural Carrefour Sensation 500 g.", "imagen_src": "https://static.carrefour.es/hd_350x_/img_pim_food/486724_00_1.jpg", "precio_peso": "3 \u20ac/kg", "precio": "1,50 \u20ac", "oferta": "", "supermercado": "Carrefour"},
{"query": "Kefir", "nombre": "Kefir liquido natural ecologico Carrefour Bio 500 g.", "imagen_src": "https://static.carrefour.es/hd_350x_/img_pim_food/451904_00_1.jpg", "precio_peso": "2,70 \u20ac/kg", "precio": "1,35 \u20ac", "oferta": "", "supermercado": "Carrefour"},
{"query": "Kefir", "nombre": "Kefir liquido natural Nestle 500 g.", "imagen_src": "https://static.carrefour.es/hd_350x_/img_pim_food/843289_00_1.jpg", "precio_peso": "3,58 \u20ac/kg", "precio": "1,79 \u20ac", "oferta": "", "supermercado": "Carrefour"},
{"query": "Kefir", "nombre": "Kefir natural Carrefour Sensation 500 g.", "imagen_src": "https://static.carrefour.es/hd_350x_/img_pim_food/485688_00_1.jpg", "precio_peso": "2,92 \u20ac/kg", "precio": "1,46 \u20ac", "oferta": "", "supermercado": "Carrefour"},
{"query": "Kefir", "nombre": "", "imagen_src": "https://static.carrefour.es/hd_350x_/img_pim_food/907161_00_1.jpg", "precio_peso": "", "precio": "1,89 \u20ac", "oferta": "", "supermercado": "Carrefour"},
{"query": "Kefir", "nombre": "", "imagen_src": "https://static.carrefour.es/hd_350x_/img_pim_food/017710_00_1.jpg", "precio_peso": "", "precio": "2,19 \u20ac", "oferta": "", "supermercado": "Carrefour"},
],
[
{"query": "Ciruela", "nombre": "Ciruela roja/negra Carrefour tarrina 1kg", "imagen_src": "https://static.carrefour.es/hd_350x_/img_pim_food/022706_00_1.jpg", "precio_peso": "2,69 \u20ac/kg", "precio": "2,69 \u20ac", "oferta": "", "supermercado": "Carrefour"},
{"query": "Ciruela", "nombre": "Ciruela deshuesada Carrefour tarrina 350 g", "imagen_src": "https://static.carrefour.es/hd_350x_/img_pim_food/142122_00_1.jpg", "precio_peso": "11,40 \u20ac/kg", "precio": "3,99 \u20ac", "oferta": "", "supermercado": "Carrefour"},
{"query": "Ciruela", "nombre": "Ciruela amarilla 1 Kg aprox", "imagen_src": "https://static.carrefour.es/hd_350x_/img_pim_food/035871_00_1.jpg", "precio_peso": "3,29 \u20ac/kg", "precio": "3,29 \u20ac", "oferta": "", "supermercado": "Carrefour"},
{"query": "Ciruela", "nombre": "Ciruelas con hueso Carrefour 200 g.", "imagen_src": "https://static.carrefour.es/hd_350x_/img_pim_food/622898_00_1.jpg", "precio_peso": "6,60 \u20ac/kg", "precio": "1,32 \u20ac", "oferta": "", "supermercado": "Carrefour"},
{"query": "Ciruela", "nombre": "", "imagen_src": "https://static.carrefour.es/hd_350x_/img_pim_food/781807_00_1.jpg", "precio_peso": "2,99 \u20ac/kg", "precio": "2,99 \u20ac", "oferta": "", "supermercado": "Carrefour"},
{"query": "Ciruela", "nombre": "", "imagen_src": "https://static.carrefour.es/hd_350x_/img_pim_food/142517_00_1.jpg", "precio_peso": "4,39 \u20ac/kg", "precio": "4,39 \u20ac", "oferta": "", "supermercado": "Carrefour"},
],
[
{"query": "Pescadilla", "nombre": "Pescadilla fina 800 g aprox", "imagen_src": "https://static.carrefour.es/hd_350x_/img_pim_food/235048_00_1.jpg", "precio_peso": "4,99 \u20ac/kg", "precio": "3,99 \u20ac", "oferta": "", "supermercado": "Carrefour"},
{"query": "Pescadilla", "nombre": "Pescadilla de pincho 1,8 kg aprox", "imagen_src": "https://static.carrefour.es/hd_350x_/img_pim_food/235058_00_1.jpg", "precio_peso": "7,95 \u20ac/kg", "precio": "14,31 \u20ac", "oferta": "", "supermercado": "Carrefour"},
{"query": "Pescadilla", "nombre": "Pescadilla 2,5 kg aprox", "imagen_src": "https://static.carrefour.es/hd_350x_/img_pim_food/058122_00_1.jpg", "precio_peso": "7,99 \u20ac/kg", "precio": "19,97 \u20ac", "oferta": "", "supermercado": "Carrefour"},
{"query": "Pescadilla", "nombre": "Tarritos Buenas Noches Verdura con Pescadilla a la Crema Hero Baby 6x190 grs", "imagen_src": "https://static.carrefour.es/hd_350x_/img_pim_food/590525_00_1.jpg", "precio_peso": "5,79 \u20ac/kg", "precio": "6,95 \u20ac", "oferta": "", "supermercado": "Carrefour"},
{"query": "Pescadilla", "nombre": "", "imagen_src": "https://static.carrefour.es/hd_350x_/img_pim_food/529324_00_1.jpg", "precio_peso": "", "precio": "", "oferta": "", "supermercado": "Carrefour"},
],
[
{"query": "Guisante congelado", "nombre": "", "imagen_src": "https://static.carrefour.es/hd_350x_/img_pim_food/181452_00_1.jpg", "precio_peso": "1,45 \u20ac/kg", "precio": "1,45 \u20ac", "oferta": "", "supermercado": "Carrefour"},
{"query": "Guisante congelado", "nombre": "Guisantes finos Findus 1 kg.", "imagen_src": "https://static.carrefour.es/hd_350x_/img_pim_food/435057_00_1.jpg", "precio_peso": "3,65 \u20ac/kg", "precio": "3,65 \u20ac", "oferta": "", "supermercado": "Carrefour"},
{"query": "Guisante congelado", "nombre": "Guisantes muy tiernos Carrefour Classic' 300 g.", "imagen_src": "https://static.carrefour.es/hd_350x_/img_pim_food/306855_00_1.jpg", "precio_peso": "3,30 \u20ac/kg", "precio": "0,99 \u20ac", "oferta": "", "supermercado": "Carrefour"},
{"query": "Guisante congelado", "nombre": "Guisante fino Findus 400 g.", "imagen_src": "https://static.carrefour.es/hd_350x_/img_pim_food/667947_00_1.jpg", "precio_peso": "5,22 \u20ac/kg", "precio": "2,09 \u20ac", "oferta": "", "supermercado": "Carrefour"},
{"query": "Guisante congelado", "nombre": "", "imagen_src": "https://static.carrefour.es/hd_350x_/img_pim_food/578586_00_1.jpg", "precio_peso": "", "precio": "", "oferta": "", "supermercado": "Carrefour"},
{"query": "Guisante congelado", "nombre": "", "imagen_src": "https://static.carrefour.es/hd_350x_/img_pim_food/885121_00_1.jpg", "precio_peso": "", "precio": "", "oferta": "", "supermercado": "Carrefour"},
],
[
{"query": "Alcachofa", "nombre": "", "imagen_src": "https://static.carrefour.es/hd_350x_/img_pim_food/231271_00_1.jpg", "precio_peso": "5,08 \u20ac/kg", "precio": "1,22 \u20ac", "oferta": "", "supermercado": "Carrefour"},
{"query": "Alcachofa", "nombre": "Corazones de alcachofa 8/10 Carrefour 240 g.", "imagen_src": "https://static.carrefour.es/hd_350x_/img_pim_food/045140_00_1.jpg", "precio_peso": "6,04 \u20ac/kg", "precio": "1,45 \u20ac", "oferta": "", "supermercado": "Carrefour"},
{"query": "Alcachofa", "nombre": "Corazones de alcachofas 9/12 unidades Carrefour sin lactosa 175 g.", "imagen_src": "https://static.carrefour.es/hd_350x_/img_pim_food/335846_00_1.jpg", "precio_peso": "9,14 \u20ac/kg", "precio": "1,60 \u20ac", "oferta": "", "supermercado": "Carrefour"},
{"query": "Alcachofa", "nombre": "Alcachofa cortada Carrefour Classic' 400 g.", "imagen_src": "https://static.carrefour.es/hd_350x_/img_pim_food/672976_00_1.jpg", "precio_peso": "4,65 \u20ac/kg", "precio": "1,86 \u20ac", "oferta": "", "supermercado": "Carrefour"},
{"query": "Alcachofa", "nombre": "", "imagen_src": "https://static.carrefour.es/hd_350x_/img_pim_food/306852_00_1.jpg", "precio_peso": "", "precio": "", "oferta": "", "supermercado": "Carrefour"},
{"query": "Alcachofa", "nombre": "", "imagen_src": "https://static.carrefour.es/hd_350x_/img_pim_food/030084_00_1.jpg", "precio_peso": "", "precio": "", "oferta": "", "supermercado": "Carrefour"},
],
[
{"query": "Br\u00e9col", "nombre": "Semillas De Brecol/brocoli Verde Italiano Calabres Wam - Sobre 8 Gr", "imagen_src": "https://static.carrefour.es/hd_350x_/imagenes/products/84352/28800/033/8435228800033/imagenGrande1.jpg", "precio_peso": "", "precio": "3,05 \u20ac", "oferta": "", "supermercado": "Carrefour"},
{"query": "Br\u00e9col", "nombre": "Brocoli Carrefour 1 kg.", "imagen_src": "https://static.carrefour.es/hd_350x_/img_pim_food/080726_00_1.jpg", "precio_peso": "1,61 \u20ac/kg", "precio": "1,45 \u20ac", "oferta": "", "supermercado": "Carrefour"},
{"query": "Br\u00e9col", "nombre": "Brocoli Carrefour 230 g", "imagen_src": "https://static.carrefour.es/hd_350x_/img_pim_food/302240_00_1.jpg", "precio_peso": "5,87 \u20ac/kg", "precio": "1,35 \u20ac", "oferta": "", "supermercado": "Carrefour"},
{"query": "Br\u00e9col", "nombre": "Verduras para micro brocoli, zanahoria y coliflor Florette 275 g", "imagen_src": "https://static.carrefour.es/hd_350x_/img_pim_food/460705_00_1.jpg", "precio_peso": "6,51 \u20ac/kg", "precio": "1,79 \u20ac", "oferta": "", "supermercado": "Carrefour"},
{"query": "Br\u00e9col", "nombre": "", "imagen_src": "https://static.carrefour.es/hd_350x_/img_pim_food/713814_00_1.jpg", "precio_peso": "", "precio": "1,99 \u20ac", "oferta": "", "supermercado": "Carrefour"},
{"query": "Br\u00e9col", "nombre": "", "imagen_src": "https://static.carrefour.es/hd_350x_/img_pim_food/219581_00_1.jpg", "precio_peso": "", "precio": "1,79 \u20ac", "oferta": "", "supermercado": "Carrefour"},
],
[
{"query": "Col lombarda", "nombre": "", "imagen_src": "https://static.carrefour.es/hd_350x_/imagenes/products/84149/34077/694/8414934077694/imagenGrande1.jpg", "precio_peso": "", "precio": "", "oferta": "", "supermercado": "Carrefour"},
{"query": "Col lombarda", "nombre": "Rocalba Semilla Col Lombarda Cabeza Negra 2 100g", "imagen_src": "https://static.carrefour.es/hd_350x_/imagenes/products/84237/37036/944/8423737036944/imagenGrande1.jpg", "precio_peso": "", "precio": "10,50 \u20ac", "oferta": "", "supermercado": "Carrefour"},
{"query": "Col lombarda", "nombre": "Rocalba Semilla Col Lombarda Cabeza Negra 2 500g", "imagen_src": "https://static.carrefour.es/hd_350x_/imagenes/products/84237/37072/683/8423737072683/imagenGrande1.jpg", "precio_peso": "", "precio": "42,50 \u20ac", "oferta": "", "supermercado": "Carrefour"},
{"query": "Col lombarda", "nombre": "Semilla Col Lombarda - Rocalba", "imagen_src": "https://static.carrefour.es/hd_350x_/imagenes/products/84237/37082/453/8423737082453/imagenGrande1.jpg", "precio_peso": "", "precio": "1,50 \u20ac", "oferta": "", "supermercado": "Carrefour"},
{"query": "Col lombarda", "nombre": "", "imagen_src": "https://static.carrefour.es/hd_350x_/imagenes/products/84237/37084/518/8423737084518/imagenGrande1.jpg", "precio_peso": "", "precio": "3,15 \u20ac", "oferta": "", "supermercado": "Carrefour"},
{"query": "Col lombarda", "nombre": "", "imagen_src": "https://static.carrefour.es/hd_350x_/imagenes/products/84254/02215/753/8425402215753/imagenGrande1.jpg", "precio_peso": "", "precio": "8,13 \u20ac", "oferta": "", "supermercado": "Carrefour"},
],
[
{"query": "Esp\u00e1rrago", "nombre": "Esparragos blancos extra 8/12 Carretilla 205 g.", "imagen_src": "https://static.carrefour.es/hd_350x_/img_pim_food/048556_00_1.jpg", "precio_peso": "13,41 \u20ac/kg", "precio": "2,75 \u20ac", "oferta": "", "supermercado": "Carrefour"},
{"query": "Esp\u00e1rrago", "nombre": "Yemas de esparragos muy gruesas Carrefour 110 g.", "imagen_src": "https://static.carrefour.es/hd_350x_/img_pim_food/182322_00_1.jpg", "precio_peso": "10,45 \u20ac/kg", "precio": "1,15 \u20ac", "oferta": "", "supermercado": "Carrefour"},
{"query": "Esp\u00e1rrago", "nombre": "Esparrago blanco Carrefour 205 g.", "imagen_src": "https://static.carrefour.es/hd_350x_/img_pim_food/898918_00_1.jpg", "precio_peso": "9,37 \u20ac/kg", "precio": "1,92 \u20ac", "oferta": "", "supermercado": "Carrefour"},
{"query": "Esp\u00e1rrago", "nombre": "Esparrago verde manojo de 300 g", "imagen_src": "https://static.carrefour.es/hd_350x_/img_pim_food/092834_00_1.jpg", "precio_peso": "9,83 \u20ac/kg", "precio": "2,95 \u20ac", "oferta": "", "supermercado": "Carrefour"},
{"query": "Esp\u00e1rrago", "nombre": "", "imagen_src": "https://static.carrefour.es/hd_350x_/img_pim_food/387665_00_1.jpg", "precio_peso": "", "precio": "", "oferta": "", "supermercado": "Carrefour"},
{"query": "Esp\u00e1rrago", "nombre": "", "imagen_src": "https://static.carrefour.es/hd_350x_/img_pim_food/846475_00_1.jpg", "precio_peso": "", "precio": "", "oferta": "", "supermercado": "Carrefour"},
],
[
{"query": "Col de Bruselas", "nombre": "Coles de Bruselas Carrefour 450 g.", "imagen_src": "https://static.carrefour.es/hd_350x_/img_pim_food/673181_00_1.jpg", "precio_peso": "2,67 \u20ac/kg", "precio": "1,20 \u20ac", "oferta": "", "supermercado": "Carrefour"},
{"query": "Col de Bruselas", "nombre": "Coles de Bruselas 500 g", "imagen_src": "https://static.carrefour.es/hd_350x_/img_pim_food/053777_00_1.jpg", "precio_peso": "6,98 \u20ac/kg", "precio": "3,49 \u20ac", "oferta": "", "supermercado": "Carrefour"},
{"query": "Col de Bruselas", "nombre": "Coles de bruselas sin sal anadida en tarro Carrefour 400 g.", "imagen_src": "https://static.carrefour.es/hd_350x_/img_pim_food/206015_00_1.jpg", "precio_peso": "4 \u20ac/kg", "precio": "1,60 \u20ac", "oferta": "", "supermercado": "Carrefour"},
{"query": "Col de Bruselas", "nombre": "Rocalba Semilla Col De Bruselas M.enana Halle 500g", "imagen_src": "https://static.carrefour.es/hd_350x_/imagenes/products/84237/37072/676/8423737072676/imagenGrande1.jpg", "precio_peso": "", "precio": "42,50 \u20ac", "oferta": "", "supermercado": "Carrefour"},
{"query": "Col de Bruselas", "nombre": "", "imagen_src": "https://static.carrefour.es/hd_350x_/imagenes/products/84237/37082/361/8423737082361/imagenGrande1.jpg", "precio_peso": "", "precio": "1,50 \u20ac", "oferta": "", "supermercado": "Carrefour"},
{"query": "Col de Bruselas", "nombre": "", "imagen_src": "https://static.carrefour.es/hd_350x_/imagenes/products/84324/04833/519/8432404833519/imagenGrande1.jpg", "precio_peso": "", "precio": "61,80 \u20ac", "oferta": "", "supermercado": "Carrefour"},
],
[
{"query": "Perejil", "nombre": "Perejil Carrefour 10 g.", "imagen_src": "https://static.carrefour.es/hd_350x_/img_pim_food/851268_00_1.jpg", "precio_peso": "53 \u20ac/kg", "precio": "0,53 \u20ac", "oferta": "", "supermercado": "Carrefour"},
{"query": "Perejil", "nombre": "Perejil manojo de 200 g", "imagen_src": "https://static.carrefour.es/hd_350x_/img_pim_food/050311_00_1.jpg", "precio_peso": "4,25 \u20ac/kg", "precio": "0,85 \u20ac", "oferta": "", "supermercado": "Carrefour"},
{"query": "Perejil", "nombre": "Perejil Carrefour 60 g.", "imagen_src": "https://static.carrefour.es/hd_350x_/img_pim_food/851261_00_1.jpg", "precio_peso": "49,83 \u20ac/kg", "precio": "2,99 \u20ac", "oferta": "", "supermercado": "Carrefour"},
{"query": "Perejil", "nombre": "Perejil ultracongelado Carrefour 50 g.", "imagen_src": "https://static.carrefour.es/hd_350x_/img_pim_food/262539_00_1.jpg", "precio_peso": "9,90 \u20ac/kg", "precio": "0,99 \u20ac", "oferta": "", "supermercado": "Carrefour"},
{"query": "Perejil", "nombre": "", "imagen_src": "https://static.carrefour.es/hd_350x_/img_pim_food/095175_00_1.jpg", "precio_peso": "", "precio": "1,39 \u20ac", "oferta": "", "supermercado": "Carrefour"},
{"query": "Perejil", "nombre": "", "imagen_src": "https://static.carrefour.es/hd_350x_/img_pim_food/002179_00_1.jpg", "precio_peso": "", "precio": "1,72 \u20ac", "oferta": "", "supermercado": "Carrefour"},
],
[
{"query": "Calabaza", "nombre": "Calabaza cortada 500 g", "imagen_src": "https://static.carrefour.es/hd_350x_/img_pim_food/053774_00_1.jpg", "precio_peso": "3,50 \u20ac/kg", "precio": "1,75 \u20ac", "oferta": "", "supermercado": "Carrefour"},
{"query": "Calabaza", "nombre": "Calabaza troceada ecologica Carrefour Bio 400 g", "imagen_src": "https://static.carrefour.es/hd_350x_/img_pim_food/082121_00_1.jpg", "precio_peso": "4,97 \u20ac/kg", "precio": "1,99 \u20ac", "oferta": "", "supermercado": "Carrefour"},
{"query": "Calabaza", "nombre": "Crema de calabaza Carrefour sin gluten 500 ml.", "imagen_src": "https://static.carrefour.es/hd_350x_/img_pim_food/337397_00_1.jpg", "precio_peso": "1,90 \u20ac/l", "precio": "0,95 \u20ac", "oferta": "", "supermercado": "Carrefour"},
{"query": "Calabaza", "nombre": "Crema de calabaza con un suave toque de nata Knorr 500 ml.", "imagen_src": "https://static.carrefour.es/hd_350x_/img_pim_food/350135_00_1.jpg", "precio_peso": "4,10 \u20ac/l", "precio": "2,05 \u20ac", "oferta": "", "supermercado": "Carrefour"},
{"query": "Calabaza", "nombre": "", "imagen_src": "https://static.carrefour.es/hd_350x_/img_pim_food/168094_00_1.jpg", "precio_peso": "", "precio": "", "oferta": "", "supermercado": "Carrefour"},
{"query": "Calabaza", "nombre": "", "imagen_src": "https://static.carrefour.es/hd_350x_/img_pim_food/464423_00_1.jpg", "precio_peso": "", "precio": "", "oferta": "", "supermercado": "Carrefour"},
],
[
{"query": "Pur\u00e9 de patata", "nombre": "Pure de patatas Carrefour 500 g.", "imagen_src": "https://static.carrefour.es/hd_350x_/img_pim_food/511869_00_1.jpg", "precio_peso": "2,76 \u20ac/kg", "precio": "1,38 \u20ac", "oferta": "", "supermercado": "Carrefour"},
{"query": "Pur\u00e9 de patata", "nombre": "Pure de patatas Maggi sin gluten 520 g.", "imagen_src": "https://static.carrefour.es/hd_350x_/img_pim_food/845522_00_1.jpg", "precio_peso": "5,94 \u20ac/kg", "precio": "3,09 \u20ac", "oferta": "", "supermercado": "Carrefour"},
{"query": "Pur\u00e9 de patata", "nombre": "Pure de patatas Maggi sin gluten 230 g.", "imagen_src": "https://static.carrefour.es/hd_350x_/img_pim_food/002382_00_1.jpg", "precio_peso": "8,65 \u20ac/kg", "precio": "1,99 \u20ac", "oferta": "", "supermercado": "Carrefour"},
{"query": "Pur\u00e9 de patata", "nombre": "Pure de patatas con leche Maggi sin gluten 230 g.", "imagen_src": "https://static.carrefour.es/hd_350x_/img_pim_food/002383_00_1.jpg", "precio_peso": "9,35 \u20ac/kg", "precio": "2,15 \u20ac", "oferta": "", "supermercado": "Carrefour"},
{"query": "Pur\u00e9 de patata", "nombre": "", "imagen_src": "https://static.carrefour.es/hd_350x_/img_pim_food/109007_00_1.jpg", "precio_peso": "", "precio": "1,18 \u20ac", "oferta": "", "supermercado": "Carrefour"},
{"query": "Pur\u00e9 de patata", "nombre": "", "imagen_src": "https://static.carrefour.es/hd_350x_/img_pim_food/109008_00_1.jpg", "precio_peso": "", "precio": "1,18 \u20ac", "oferta": "", "supermercado": "Carrefour"},
],
[
{"query": "Grosella negra", "nombre": "Mermelada grosella negra Chivers 340 g.", "imagen_src": "https://static.carrefour.es/hd_350x_/img_pim_food/366708_00_1.jpg", "precio_peso": "6,91 \u20ac/kg", "precio": "2,35 \u20ac", "oferta": "", "supermercado": "Carrefour"},
{"query": "Grosella negra", "nombre": "Robinsons de grosella negra y manzana sin gas sin azucar anadido 1 l.", "imagen_src": "https://static.carrefour.es/hd_350x_/img_pim_food/273342_00_1.jpg", "precio_peso": "2,17 \u20ac/l", "precio": "2,17 \u20ac", "oferta": "", "supermercado": "Carrefour"},
{"query": "Grosella negra", "nombre": "Evobomb 150g Grosella Negra- Hsn", "imagen_src": "https://static.carrefour.es/hd_350x_/imagenes/products/50563/29502/706/5056329502706/imagenGrande1.jpg", "precio_peso": "", "precio": "12,90 \u20ac", "oferta": "", "supermercado": "Carrefour"},
{"query": "Grosella negra", "nombre": "Evostamina 150g Grosella Negra- Hsn", "imagen_src": "https://static.carrefour.es/hd_350x_/imagenes/products/50563/29504/335/5056329504335/imagenGrande1.jpg", "precio_peso": "", "precio": "10,90 \u20ac", "oferta": "", "supermercado": "Carrefour"},
{"query": "Grosella negra", "nombre": "", "imagen_src": "https://static.carrefour.es/hd_350x_/imagenes/products/50563/29505/271/5056329505271/imagenGrande1.jpg", "precio_peso": "", "precio": "29,90 \u20ac", "oferta": "", "supermercado": "Carrefour"},
{"query": "Grosella negra", "nombre": "", "imagen_src": "https://static.carrefour.es/hd_350x_/imagenes/products/50563/29505/349/5056329505349/imagenGrande1.jpg", "precio_peso": "", "precio": "54,90 \u20ac", "oferta": "", "supermercado": "Carrefour"},
],
[
{"query": "Mango", "nombre": "Mango Carrefour a granel 1 kg aprox", "imagen_src": "https://static.carrefour.es/hd_350x_/img_pim_food/430552_00_1.jpg", "precio_peso": "2,59 \u20ac/kg", "precio": "2,59 \u20ac", "oferta": "", "supermercado": "Carrefour"},
{"query": "Mango", "nombre": "Mango deshidratado Frubis 50 g.", "imagen_src": "https://static.carrefour.es/hd_350x_/img_pim_food/330954_00_1.jpg", "precio_peso": "20 \u20ac/kg", "precio": "1 \u20ac", "oferta": "", "supermercado": "Carrefour"},
{"query": "Mango", "nombre": "Mango congelado Carrefour 450 g.", "imagen_src": "https://static.carrefour.es/hd_350x_/img_pim_food/790552_00_1.jpg", "precio_peso": "6,24 \u20ac/kg", "precio": "2,81 \u20ac", "oferta": "", "supermercado": "Carrefour"},
{"query": "Mango", "nombre": "Mango deshidratado en rodajas ecologico 125 g", "imagen_src": "https://static.carrefour.es/hd_350x_/img_pim_food/299870_00_1.jpg", "precio_peso": "23,92 \u20ac/kg", "precio": "2,99 \u20ac", "oferta": "", "supermercado": "Carrefour"},
{"query": "Mango", "nombre": "", "imagen_src": "https://static.carrefour.es/hd_350x_/img_pim_food/473401_00_2_Bodega.jpg", "precio_peso": "", "precio": "", "oferta": "", "supermercado": "Carrefour"},
{"query": "Mango", "nombre": "", "imagen_src": "https://static.carrefour.es/hd_350x_/img_pim_food/253534_00_1.jpg", "precio_peso": "", "precio": "", "oferta": "", "supermercado": "Carrefour"},
],
[
{"query": "Centeno", "nombre": "Tartines crujientes de centeno y sesamo ecologicos Carrefour Bio 200 g.", "imagen_src": "https://static.carrefour.es/hd_350x_/img_pim_food/424630_00_1.jpg", "precio_peso": "9,70 \u20ac/kg", "precio": "1,94 \u20ac", "oferta": "", "supermercado": "Carrefour"},
{"query": "Centeno", "nombre": "Tostada crujiente de centeno Carrefour 250 g.", "imagen_src": "https://static.carrefour.es/hd_350x_/img_pim_food/856660_00_1.jpg", "precio_peso": "3,40 \u20ac/kg", "precio": "0,85 \u20ac", "oferta": "", "supermercado": "Carrefour"},
{"query": "Centeno", "nombre": "Pan de centeno 100% 500 g", "imagen_src": "https://static.carrefour.es/hd_350x_/img_pim_food/267533_00_1.jpg", "precio_peso": "5,78 \u20ac/kg", "precio": "2,89 \u20ac", "oferta": "", "supermercado": "Carrefour"},
{"query": "Centeno", "nombre": "Pan de centeno bolsa Mestemacher 500 g.", "imagen_src": "https://static.carrefour.es/hd_350x_/img_pim_food/064750_00_1.jpg", "precio_peso": "5,98 \u20ac/kg", "precio": "2,99 \u20ac", "oferta": "", "supermercado": "Carrefour"},
{"query": "Centeno", "nombre": "", "imagen_src": "https://static.carrefour.es/hd_350x_/img_pim_food/991114_00_1.jpg", "precio_peso": "", "precio": "", "oferta": "", "supermercado": "Carrefour"},
{"query": "Centeno", "nombre": "", "imagen_src": "https://static.carrefour.es/hd_350x_/img_pim_food/397697_00_1.jpg", "precio_peso": "", "precio": "", "oferta": "", "supermercado": "Carrefour"},
],
[
],
[
],
[
],
[
{"query": "Zumo bifrutas Tropical", "nombre": "Zumo tropical Original Bifrutas pack de 9 briks de 20 cl.", "imagen_src": "https://static.carrefour.es/hd_350x_/img_pim_food/965251_00_1.jpg", "precio_peso": "1,91 \u20ac/l", "precio": "3,44 \u20ac", "oferta": "", "supermercado": "Carrefour"},
{"query": "Zumo bifrutas Tropical", "nombre": "Zumo tropical Original Bifrutas pack de 6 briks de 33 cl.", "imagen_src": "https://static.carrefour.es/hd_350x_/img_pim_food/039554_00_1.jpg", "precio_peso": "2,31 \u20ac/l", "precio": "4,57 \u20ac", "oferta": "", "supermercado": "Carrefour"},
{"query": "Zumo bifrutas Tropical", "nombre": "Zumo tropical Original Bifrutas brik 1 l.", "imagen_src": "https://static.carrefour.es/hd_350x_/img_pim_food/114854_00_1.jpg", "precio_peso": "2,15 \u20ac/l", "precio": "2,15 \u20ac", "oferta": "", "supermercado": "Carrefour"},
{"query": "Zumo bifrutas Tropical", "nombre": "Zumo tropical natural Bifrutas botella 750 ml.", "imagen_src": "https://static.carrefour.es/hd_350x_/img_pim_food/671100_00_1.jpg", "precio_peso": "3,05 \u20ac/l", "precio": "2,29 \u20ac", "oferta": "", "supermercado": "Carrefour"},
{"query": "Zumo bifrutas Tropical", "nombre": "", "imagen_src": "https://static.carrefour.es/hd_350x_/img_pim_food/671115_00_1.jpg", "precio_peso": "3,71 \u20ac/l", "precio": "0,89 \u20ac", "oferta": "", "supermercado": "Carrefour"},
],
[
],
[
{"query": "Leche sin lactosa semidesnatada", "nombre": "Leche semidesnatada Carrefour sin lactosa brik 1 l.", "imagen_src": "https://static.carrefour.es/hd_350x_/img_pim_food/470401_00_1.jpg", "precio_peso": "0,86 \u20ac/l", "precio": "0,86 \u20ac", "oferta": "", "supermercado": "Carrefour"},
{"query": "Leche sin lactosa semidesnatada", "nombre": "Leche semidesnatada Central Lechera Asturiana sin lactosa brik 1 l.", "imagen_src": "https://static.carrefour.es/hd_350x_/img_pim_food/331600_00_1.jpg", "precio_peso": "1,15 \u20ac/l", "precio": "1,15 \u20ac", "oferta": "", "supermercado": "Carrefour"},
{"query": "Leche sin lactosa semidesnatada", "nombre": "Leche semidesnatada Pascual sin lactosa brik 1 l.", "imagen_src": "https://static.carrefour.es/hd_350x_/img_pim_food/158606_00_1.jpg", "precio_peso": "1,19 \u20ac/l", "precio": "1,19 \u20ac", "oferta": "", "supermercado": "Carrefour"},
{"query": "Leche sin lactosa semidesnatada", "nombre": "Leche semidesnatada ecologica Carrefour Bio sin lactosa brik 1 l.", "imagen_src": "https://static.carrefour.es/hd_350x_/img_pim_food/364266_00_1.jpg", "precio_peso": "1,12 \u20ac/l", "precio": "1,12 \u20ac", "oferta": "", "supermercado": "Carrefour"},
{"query": "Leche sin lactosa semidesnatada", "nombre": "", "imagen_src": "https://static.carrefour.es/hd_350x_/img_pim_food/313242_00_1.jpg", "precio_peso": "", "precio": "", "oferta": "", "supermercado": "Carrefour"},
{"query": "Leche sin lactosa semidesnatada", "nombre": "", "imagen_src": "https://static.carrefour.es/hd_350x_/img_pim_food/196898_00_1.jpg", "precio_peso": "", "precio": "", "oferta": "", "supermercado": "Carrefour"},
],
[
{"query": "Leche sin lactosa desnatada", "nombre": "Leche desnatada Carrefour sin lactosa brik 1 l.", "imagen_src": "https://static.carrefour.es/hd_350x_/img_pim_food/470487_00_1.jpg", "precio_peso": "0,86 \u20ac/l", "precio": "0,86 \u20ac", "oferta": "", "supermercado": "Carrefour"},
{"query": "Leche sin lactosa desnatada", "nombre": "Leche desnatada Central Lechera Asturiana sin lactosa brik 1 l.", "imagen_src": "https://static.carrefour.es/hd_350x_/img_pim_food/704408_00_1.jpg", "precio_peso": "1,15 \u20ac/l", "precio": "1,15 \u20ac", "oferta": "", "supermercado": "Carrefour"},
{"query": "Leche sin lactosa desnatada", "nombre": "Leche desnatada Pascual sin lactosa brik 1 l.", "imagen_src": "https://static.carrefour.es/hd_350x_/img_pim_food/158605_00_1.jpg", "precio_peso": "1,19 \u20ac/l", "precio": "1,19 \u20ac", "oferta": "", "supermercado": "Carrefour"},
{"query": "Leche sin lactosa desnatada", "nombre": "Leche desnatada 0% MG Puleva sin gluten sin lactosa botella 1 l.", "imagen_src": "https://static.carrefour.es/hd_350x_/img_pim_food/227049_00_1.jpg", "precio_peso": "1,25 \u20ac/l", "precio": "1,25 \u20ac", "oferta": "", "supermercado": "Carrefour"},
{"query": "Leche sin lactosa desnatada", "nombre": "", "imagen_src": "https://static.carrefour.es/hd_350x_/img_pim_food/855735_00_1.jpg", "precio_peso": "", "precio": "", "oferta": "", "supermercado": "Carrefour"},
{"query": "Leche sin lactosa desnatada", "nombre": "", "imagen_src": "https://static.carrefour.es/hd_350x_/img_pim_food/584074_00_1.jpg", "precio_peso": "", "precio": "", "oferta": "", "supermercado": "Carrefour"},
],
],
}
